@article{hayworth2015ultrastructurally,
  title={Ultrastructurally smooth thick partitioning and volume stitching for large-scale connectomics},
  author={Hayworth, Kenneth J and Xu, C Shan and Lu, Zhiyuan and Knott, Graham W and Fetter, Richard D and Tapia, Juan Carlos and Lichtman, Jeff W and Hess, Harald F},
  journal={Nature methods},
  volume={12},
  number={4},
  pages={319--322},
  year={2015},
  publisher={Nature Publishing Group}
}

@article{yin2019petascale,
  title={A Petascale Automated Imaging Pipeline for Mapping Neuronal Circuits with High-throughput Transmission Electron Microscopy},
  author={Yin, Wenjing and Brittain, Derrick and Borseth, Jay and Scott, Marie E and Williams, Derric and Perkins, Jed and Own, Chris and Murfitt, Matt and Torres, Russel M and Kapner, Daniel and others},
  journal={bioRxiv},
  pages={791889},
  year={2019},
  publisher={Cold Spring Harbor Laboratory}
}

@article{zheng2018complete,
  title={A complete electron microscopy volume of the brain of adult Drosophila melanogaster},
  author={Zheng, Zhihao and Lauritzen, J Scott and Perlman, Eric and Robinson, Camenzind G and Nichols, Matthew and Milkie, Daniel and Torrens, Omar and Price, John and Fisher, Corey B and Sharifi, Nadiya and others},
  journal={Cell},
  volume={174},
  number={3},
  pages={730--743},
  year={2018},
  publisher={Elsevier}
}

@article{eberle2015high,
  title={High-resolution, high-throughput imaging with a multibeam scanning electron microscope},
  author={Eberle, AL and Mikula, S and Schalek, R and Lichtman, J and Tate, ML Knothe and Zeidler, D},
  journal={Journal of microscopy},
  volume={259},
  number={2},
  pages={114--120},
  year={2015},
  publisher={Wiley Online Library}
}

@article{ren2016transmission,
  title={Transmission electron imaging in the Delft multibeam scanning electron microscope 1},
  author={Ren, Yan and Kruit, Pieter},
  journal={Journal of Vacuum Science \& Technology B, Nanotechnology and Microelectronics: Materials, Processing, Measurement, and Phenomena},
  volume={34},
  number={6},
  pages={06KF02},
  year={2016},
  publisher={American Vacuum Society}
}

@article{phifer2009improving,
  title={Improving SEM imaging performance using beam deceleration},
  author={Phifer, D and Tuma, L and Vystavel, T and Wandrol, P and Young, RJ},
  journal={Microscopy Today},
  volume={17},
  number={4},
  pages={40--49},
  year={2009},
  publisher={Cambridge University Press}
}

@article{ohta2012beam,
  title={Beam deceleration for block-face scanning electron microscopy of embedded biological tissue},
  author={Ohta, Keisuke and Sadayama, Shoji and Togo, Akinobu and Higashi, Ryuhei and Tanoue, Ryuichiro and Nakamura, Kei-ichiro},
  journal={Micron},
  volume={43},
  number={5},
  pages={612--620},
  year={2012},
  publisher={Elsevier}
}

@article{xu2017enhanced,
  title={Enhanced FIB-SEM systems for large-volume 3D imaging},
  author={Xu, C Shan and Hayworth, Kenneth J and Lu, Zhiyuan and Grob, Patricia and Hassan, Ahmed M and Garcia-Cerdan, Jose G and Niyogi, Krishna K and Nogales, Eva and Weinberg, Richard J and Hess, Harald F},
  journal={Elife},
  volume={6},
  pages={e25916},
  year={2017},
  publisher={eLife Sciences Publications Limited}
}

@article{vsakic2011boron,
  title={Boron-layer silicon photodiodes for high-efficiency low-energy electron detection},
  author={{\v{S}}aki{\'c}, Agata and Nanver, Lis K and Scholtes, Tom LM and Heerkens, Carel Th H and Kne{\v{z}}evi{\'c}, Tihomir and Van Veen, Gerard and Kooijman, Kees and Vogelsang, Patrick},
  journal={Solid-state electronics},
  volume={65},
  pages={38--44},
  year={2011},
  publisher={Elsevier}
}

@article{lencova2008new,
  title={A new program for the design of electron microscopes},
  author={Lencov{\'a}, Bohumila and Zl{\'a}mal, Jakub},
  journal={Physics Procedia},
  volume={1},
  number={1},
  pages={315--324},
  year={2008},
  publisher={Elsevier}
}

@incollection{reimer1998emission,
  title={Emission of backscattered and secondary electrons},
  author={Reimer, Ludwig},
  booktitle={Scanning Electron Microscopy},
  pages={135--169},
  year={1998},
  publisher={Springer}
}

@article{mullerova2009collection,
  title={Collection of secondary electrons in scanning electron microscopes},
  author={M{\"u}llerov{\'a}, I and Konvalina, I},
  journal={Journal of microscopy},
  volume={236},
  number={3},
  pages={203--210},
  year={2009},
  publisher={Wiley Online Library}
}

@article{joy2002smart,
  title={SMART--a program to measure SEM resolution and imaging performance},
  author={Joy, David C},
  journal={Journal of Microscopy},
  volume={208},
  number={1},
  pages={24--34},
  year={2002},
  publisher={Wiley Online Library}
}

@article{koning2019integrated,
  title={Integrated Light and Electron Microscopy},
  author={Koning, RI and Raja, A Srinivasa and Lane, RI and Koster, AJ and Hoogenboom, JP},
  journal={Correlative Imaging: Focusing on the Future},
  pages={119--135},
  year={2019},
  publisher={Wiley Online Library}
}

@article{paden1968retarding,
  title={Retarding field scanning electron microscopy},
  author={Paden, RS and Nixon, WC},
  journal={Journal of Physics E: Scientific Instruments},
  volume={1},
  number={11},
  pages={1073},
  year={1968},
  publisher={IOP Publishing}
}

@article{titze2013automated,
  title={Automated in-chamber specimen coating for serial block-face electron microscopy},
  author={Titze, Benjamin and Denk, Winfried},
  journal={Journal of microscopy},
  volume={250},
  number={2},
  pages={101--110},
  year={2013},
  publisher={Wiley Online Library}
}

@article{unser1987new,
  title={A new resolution criterion based on spectral signal-to-noise ratios},
  author={Unser, Michael and Trus, Benes L and Steven, Alasdair C},
  journal={Ultramicroscopy},
  volume={23},
  number={1},
  pages={39--51},
  year={1987},
  publisher={Elsevier}
}

@article{mullerova2003scanning,
  title={Scanning low-energy electron microscopy},
  author={Mullerova, Ilona and Frank, Ludek},
  journal={Advances in imaging and electron physics},
  volume={128},
  pages={310--445},
  year={2003},
  publisher={San Diego: Academic Press, c1995-}
}
