@inproceedings{ronneberger2015u,
  title={U-net: Convolutional networks for biomedical image segmentation},
  author={Ronneberger, Olaf and Fischer, Philipp and Brox, Thomas},
  booktitle={International Conference on Medical image computing and computer-assisted intervention},
  pages={234--241},
  year={2015},
  organization={Springer}
}

@article{qu2020weakly,
  title={Weakly Supervised Deep Nuclei Segmentation Using Partial Points Annotation in Histopathology Images},
  author={Qu, Hui and Wu, Pengxiang and Huang, Qiaoying and Yi, Jingru and Yan, Zhennan and Li, Kang and Riedlinger, Gregory M and De, Subhajyoti and Zhang, Shaoting and Metaxas, Dimitris N},
  journal={IEEE Transactions on Medical Imaging},
  volume={39},
  number={11},
  pages={3655--3666},
  year={2020},
  publisher={IEEE}
}

@article{heinrich2020automatic,
  title={Automatic whole cell organelle segmentation in volumetric electron microscopy},
  author={Heinrich, Larissa and Bennett, Davis and Ackerman, David and Park, Woohyun and Bogovic, John and Eckstein, Nils and Petruncio, Alyson and Clements, Jody and Xu, C Shan and Funke, Jan and others},
  journal={bioRxiv},
  year={2020},
  publisher={Cold Spring Harbor Laboratory}
}

@article{arganda2015crowdsourcing,
  title={Crowdsourcing the creation of image segmentation algorithms for connectomics},
  author={Arganda-Carreras, Ignacio and Turaga, Srinivas C and Berger, Daniel R and Cire{\c{s}}an, Dan and Giusti, Alessandro and Gambardella, Luca M and Schmidhuber, J{\"u}rgen and Laptev, Dmitry and Dwivedi, Sarvesh and Buhmann, Joachim M and others},
  journal={Frontiers in neuroanatomy},
  volume={9},
  pages={142},
  year={2015},
  publisher={Frontiers}
}

@inproceedings{cciccek20163d,
  title={3D U-Net: learning dense volumetric segmentation from sparse annotation},
  author={{\c{C}}i{\c{c}}ek, {\"O}zg{\"u}n and Abdulkadir, Ahmed and Lienkamp, Soeren S and Brox, Thomas and Ronneberger, Olaf},
  booktitle={International conference on medical image computing and computer-assisted intervention},
  pages={424--432},
  year={2016},
  organization={Springer}
}

@article{dosovitskiy2014discriminative,
  title={Discriminative unsupervised feature learning with convolutional neural networks},
  author={Dosovitskiy, Alexey and Springenberg, Jost Tobias and Riedmiller, Martin and Brox, Thomas},
  journal={Advances in neural information processing systems},
  volume={27},
  pages={766--774},
  year={2014}
}

@inproceedings{simard2003best,
  title={Best practices for convolutional neural networks applied to visual document analysis.},
  author={Simard, Patrice Y and Steinkraus, David and Platt, John C and others},
  booktitle={Icdar},
  volume={3},
  number={2003},
  year={2003}
}

@inproceedings{he2016deep,
  title={Deep residual learning for image recognition},
  author={He, Kaiming and Zhang, Xiangyu and Ren, Shaoqing and Sun, Jian},
  booktitle={Proceedings of the IEEE conference on computer vision and pattern recognition},
  pages={770--778},
  year={2016}
}

@article{russell20173d,
  title={3D correlative light and electron microscopy of cultured cells using serial blockface scanning electron microscopy},
  author={Russell, Matthew RG and Lerner, Thomas R and Burden, Jemima J and Nkwe, David O and Pelchen-Matthews, Annegret and Domart, Marie-Charlotte and Durgan, Joanne and Weston, Anne and Jones, Martin L and Peddie, Christopher J and others},
  journal={Journal of Cell Science},
  volume={130},
  number={1},
  pages={278--291},
  year={2017},
  publisher={The Company of Biologists Ltd}
}

@article{ede2021deep,
  title={Deep learning in electron microscopy},
  author={Ede, Jeffrey M},
  journal={Machine Learning: Science and Technology},
  volume={2},
  number={1},
  pages={011004},
  year={2021},
  publisher={IOP Publishing}
}

@article{huang2014identifying,
  title={Identifying synapses using deep and wide multiscale recursive networks},
  author={Huang, Gary B and Plaza, Stephen},
  journal={arXiv preprint arXiv:1409.1789},
  year={2014}
}

@article{dorkenwald2017automated,
  title={Automated synaptic connectivity inference for volume electron microscopy},
  author={Dorkenwald, Sven and Schubert, Philipp J and Killinger, Marius F and Urban, Gregor and Mikula, Shawn and Svara, Fabian and Kornfeld, Joergen},
  journal={Nature methods},
  volume={14},
  number={4},
  pages={435--442},
  year={2017},
  publisher={Nature Publishing Group}
}

@inproceedings{heinrich2018synaptic,
  title={Synaptic cleft segmentation in non-isotropic volume electron microscopy of the complete drosophila brain},
  author={Heinrich, Larissa and Funke, Jan and Pape, Constantin and Nunez-Iglesias, Juan and Saalfeld, Stephan},
  booktitle={International Conference on Medical Image Computing and Computer-Assisted Intervention},
  pages={317--325},
  year={2018},
  organization={Springer}
}

@article{ciresan2012deep,
  title={Deep neural networks segment neuronal membranes in electron microscopy images},
  author={Ciresan, Dan and Giusti, Alessandro and Gambardella, Luca and Schmidhuber, J{\"u}rgen},
  journal={Advances in neural information processing systems},
  volume={25},
  pages={2843--2851},
  year={2012},
  publisher={Citeseer}
}

@article{januszewski2018high,
  title={High-precision automated reconstruction of neurons with flood-filling networks},
  author={Januszewski, Micha{\l} and Kornfeld, J{\"o}rgen and Li, Peter H and Pope, Art and Blakely, Tim and Lindsey, Larry and Maitin-Shepard, Jeremy and Tyka, Mike and Denk, Winfried and Jain, Viren},
  journal={Nature methods},
  volume={15},
  number={8},
  pages={605--610},
  year={2018},
  publisher={Nature Publishing Group}
}

@article{christiansen2018silico,
  title={In silico labeling: predicting fluorescent labels in unlabeled images},
  author={Christiansen, Eric M and Yang, Samuel J and Ando, D Michael and Javaherian, Ashkan and Skibinski, Gaia and Lipnick, Scott and Mount, Elliot and Oâ€™Neil, Alison and Shah, Kevan and Lee, Alicia K and others},
  journal={Cell},
  volume={173},
  number={3},
  pages={792--803},
  year={2018},
  publisher={Elsevier}
}

@article{spiers2021deep,
  title={Deep learning for automatic segmentation of the nuclear envelope in electron microscopy data, trained with volunteer segmentations},
  author={Spiers, Helen and Songhurst, Harry and Nightingale, Luke and de Folter, Joost and Zooniverse Volunteer Community and Hutchings, Roger and Peddie, Christopher J and Weston, Anne and Strange, Amy and Hindmarsh, Steve and others},
  journal={Traffic},
  year={2021},
  publisher={Wiley Online Library}
}

@article{lane2022label,
  title={Label-free fluorescence predictions from large-scale correlative light and electron microscopy data},
  author={Lane, Ryan and Balkenende, Luuk and van Staalduine, Simon and Wolters, Anouk HG and Giepmans, Ben NG and Voortman, Lennard and Hoogenboom, Jacob P},
  journal={In Preparation},
  volume={},
  number={},
  pages={},
  year={2022},
  publisher={}
}

@article{dittmayer2021preparation,
  title={Preparation of samples for large-scale automated electron microscopy of tissue and cell ultrastructure},
  author={Dittmayer, Carsten and Goebel, Hans-Hilmar and Heppner, Frank L and Stenzel, Werner and Bachmann, Sebastian},
  journal={Microscopy and Microanalysis},
  volume={27},
  number={4},
  pages={815--827},
  year={2021},
  publisher={Cambridge University Press}
}

@phdthesis{balkenende2020clemnet,
  author={Balkenende, Luuk WP},
  title={CLEMnet: Predicting fluorescence in electron microscopy images},
  school={Delft University of Technology},
  year={2020},
  type={{MEP} thesis}
}

@incollection{joy2008noise,
  title={Noise and its effects on the low-voltage SEM},
  author={Joy, David C},
  booktitle={Biological Low-Voltage Scanning Electron Microscopy},
  pages={129--144},
  year={2008},
  publisher={Springer}
}

@misc{tensorflow2015-whitepaper,
title={ {TensorFlow}: Large-Scale Machine Learning on Heterogeneous Systems},
url={https://www.tensorflow.org/},
note={Software available from tensorflow.org},
author={
    Mart\'{i}n~Abadi and
    Ashish~Agarwal and
    Paul~Barham and
    Eugene~Brevdo and
    Zhifeng~Chen and
    Craig~Citro and
    Greg~S.~Corrado and
    Andy~Davis and
    Jeffrey~Dean and
    Matthieu~Devin and
    Sanjay~Ghemawat and
    Ian~Goodfellow and
    Andrew~Harp and
    Geoffrey~Irving and
    Michael~Isard and
    Yangqing Jia and
    Rafal~Jozefowicz and
    Lukasz~Kaiser and
    Manjunath~Kudlur and
    Josh~Levenberg and
    Dandelion~Man\'{e} and
    Rajat~Monga and
    Sherry~Moore and
    Derek~Murray and
    Chris~Olah and
    Mike~Schuster and
    Jonathon~Shlens and
    Benoit~Steiner and
    Ilya~Sutskever and
    Kunal~Talwar and
    Paul~Tucker and
    Vincent~Vanhoucke and
    Vijay~Vasudevan and
    Fernanda~Vi\'{e}gas and
    Oriol~Vinyals and
    Pete~Warden and
    Martin~Wattenberg and
    Martin~Wicke and
    Yuan~Yu and
    Xiaoqiang~Zheng},
  year={2015},
}

@misc{chollet2015keras,
  title={Keras},
  author={Chollet, Fran\c{c}ois and others},
  year={2015},
  howpublished={\url{https://keras.io}},
}

@misc{Yakubovskiy:2019,
  Author = {Pavel Yakubovskiy},
  Title = {Segmentation Models},
  Year = {2019},
  Publisher = {GitHub},
  Journal = {GitHub repository},
  Howpublished = {\url{https://github.com/qubvel/segmentation_models}}
}

@book{muller2014correlative,
  title={Correlative light and electron microscopy II},
  author={Muller-Reichert, Thomas and Verkade, Paul},
  year={2014},
  publisher={Academic Press}
}

@article{helmstaedter2013cellular,
  title={Cellular-resolution connectomics: challenges of dense neural circuit reconstruction},
  author={Helmstaedter, Moritz},
  journal={Nature methods},
  volume={10},
  number={6},
  pages={501--507},
  year={2013},
  publisher={Nature Publishing Group}
}

@article{takemura2013visual,
  title={A visual motion detection circuit suggested by Drosophila connectomics},
  author={Takemura, Shin-ya and Bharioke, Arjun and Lu, Zhiyuan and Nern, Aljoscha and Vitaladevuni, Shiv and Rivlin, Patricia K and Katz, William T and Olbris, Donald J and Plaza, Stephen M and Winston, Philip and others},
  journal={Nature},
  volume={500},
  number={7461},
  pages={175--181},
  year={2013},
  publisher={Nature Publishing Group}
}

@article{muller20213d,
  title={3D FIB-SEM reconstruction of microtubule--organelle interaction in whole primary mouse $\beta$ cells},
  author={M{\"u}ller, Andreas and Schmidt, Deborah and Xu, C Shan and Pang, Song and Dâ€™Costa, Joyson Verner and Kretschmar, Susanne and M{\"u}nster, Carla and Kurth, Thomas and Jug, Florian and Weigert, Martin and others},
  journal={Journal of Cell Biology},
  volume={220},
  number={2},
  year={2021},
  publisher={The Rockefeller University Press}
}

@article{conrad2022instance,
  title={Instance segmentation of mitochondria in electron microscopy images with a generalist deep learning model.},
  author={Conrad, Ryan W and Narayan, Kedar},
  journal={bioRxiv},
  year={2022},
  publisher={Cold Spring Harbor Laboratory}
}

@article{kreshuk2014automated,
  title={Automated detection of synapses in serial section transmission electron microscopy image stacks},
  author={Kreshuk, Anna and Koethe, Ullrich and Pax, Elizabeth and Bock, Davi D and Hamprecht, Fred A},
  journal={PloS one},
  volume={9},
  number={2},
  pages={e87351},
  year={2014},
  publisher={Public Library of Science San Francisco, USA}
}

@inproceedings{roels2019domain,
  title={Domain adaptive segmentation in volume electron microscopy imaging},
  author={Roels, Joris and Hennies, Julian and Saeys, Yvan and Philips, Wilfried and Kreshuk, Anna},
  booktitle={2019 IEEE 16th International Symposium on Biomedical Imaging (ISBI 2019)},
  pages={1519--1522},
  year={2019},
  organization={IEEE}
}

@article{sokol2015large,
  title={Large-scale electron microscopy maps of patient skin and mucosa provide insight into pathogenesis of blistering diseases},
  author={Sokol, Ena and Kramer, Duco and Diercks, Gilles FH and Kuipers, Jeroen and Jonkman, Marcel F and Pas, Hendri H and Giepmans, Ben NG},
  journal={Journal of Investigative Dermatology},
  volume={135},
  number={7},
  pages={1763--1770},
  year={2015},
  publisher={Elsevier}
}

@software{Lane_CLEMnet_2020,
    author = {Lane, Ryan and Balkenende, Luuk and Voortman, Lennard},
    license = {CC-BY-4.0},
    month = {7},
    title = {{CLEMnet}},
    version = {0.1.dev},
    year = {2020}
}
