@article{lane2022integrated,
  title={Integrated array tomography for 3D correlative light and electron microscopy},
  author={Lane, Ryan and Wolters, Anouk and Giepmans, Ben and Hoogenboom, Jacob},
  journal={Frontiers in neuroscience},
  volume={},
  pages={},
  year={2022},
  publisher={Frontiers}
}

@article{fermie2021high,
  title={High-throughput imaging of biological samples with Delmic's FAST-EM},
  author={Fermie, Job and Zuidema, Wilco and {\v{S}}ejnoha, Radim and Wolters, Anouk and Giepmans, Ben and Hoogenboom, Jacob and Kruit, Pieter},
  journal={Microscopy and Microanalysis},
  volume={27},
  number={S1},
  pages={558--560},
  year={2021},
  publisher={Cambridge University Press}
}

@article{mohammadi2011electron,
  title={Electron optics of multi-beam scanning electron microscope},
  author={Mohammadi-Gheidari, A and Kruit, P},
  journal={Nuclear Instruments and Methods in Physics Research Section A: Accelerators, Spectrometers, Detectors and Associated Equipment},
  volume={645},
  number={1},
  pages={60--67},
  year={2011},
  publisher={Elsevier}
}

@article{kruit2019dedicated,
  title={A Dedicated Multi-Beam SEM for Transmission Imaging of Thin Samples},
  author={Kruit, Pieter and Zuidema, Wilco},
  journal={Microscopy and Microanalysis},
  volume={25},
  number={S2},
  pages={1034--1035},
  year={2019},
  publisher={Cambridge University Press}
}

@phdthesis{zhang2008electron,
  author={Zhang, Y.},
  title={A 100-electron-beam source from a high brightness Schottky emitter for fast patterning applications},
  school={Delft University of Technology},
  year={2008}
}

@phdthesis{mohammadi2013beams,
  author={Mohammadi-Gheidari, A.},
  title={196 Beams in a Scanning Electron Microscope},
  school={Delft University of Technology},
  year={2013}
}

@phdthesis{ren2017imaging,
  author={Ren, Y.},
  title={Imaging systems in the Delft Multi-Beam Scanning Electron Microscope 1},
  school={Delft University of Technology},
  year={2017}
}

@phdthesis{abels2022,
  author={Abels, M.},
  title={},
  school={Delft University of Technology},
  year={2022},
  type={{BEP} thesis}
}
