@article{timmermans2015contributed,
  title={Contributed review: Review of integrated correlative light and electron microscopy},
  author={Timmermans, Frank Jan and Otto, Cornelis},
  journal={Review of scientific instruments},
  volume={86},
  number={1},
  pages={011501},
  year={2015},
  publisher={AIP Publishing LLC}
}

@article{briggman2012volume,
  title={Volume electron microscopy for neuronal circuit reconstruction},
  author={Briggman, Kevin L and Bock, Davi D},
  journal={Current opinion in neurobiology},
  volume={22},
  number={1},
  pages={154--161},
  year={2012},
  publisher={Elsevier}
}

@article{bock2011network,
  title={Network anatomy and in vivo physiology of visual cortical neurons},
  author={Bock, Davi D and Lee, Wei-Chung Allen and Kerlin, Aaron M and Andermann, Mark L and Hood, Greg and Wetzel, Arthur W and Yurgenson, Sergey and Soucy, Edward R and Kim, Hyon Suk and Reid, R Clay},
  journal={Nature},
  volume={471},
  number={7337},
  pages={177--182},
  year={2011},
  publisher={Nature Publishing Group}
}

@article{karreman2016fast,
  title={Fast and precise targeting of single tumor cells in vivo by multimodal correlative microscopy},
  author={Karreman, Matthia A and Mercier, Luc and Schieber, Nicole L and Solecki, Gergely and Allio, Guillaume and Winkler, Frank and Ruthensteiner, Bernhard and Goetz, Jacky G and Schwab, Yannick},
  journal={Journal of Cell Science},
  volume={129},
  number={2},
  pages={444--456},
  year={2016},
  publisher={The Company of Biologists Ltd}
}

@article{wacker2013array,
  title={Array tomography},
  author={Wacker, Irene and Schroeder, RR},
  journal={Journal of microscopy},
  volume={252},
  number={2},
  pages={93--99},
  year={2013},
  publisher={Wiley Online Library}
}

@inproceedings{sommer2011ilastik,
  title={Ilastik: Interactive learning and segmentation toolkit},
  author={Sommer, Christoph and Straehle, Christoph and Koethe, Ullrich and Hamprecht, Fred A},
  booktitle={2011 IEEE international symposium on biomedical imaging: From nano to macro},
  pages={230--233},
  year={2011},
  organization={IEEE}
}

@article{luengo2017survos,
  title={SuRVoS: super-region volume segmentation workbench},
  author={Luengo, Imanol and Darrow, Michele C and Spink, Matthew C and Sun, Ying and Dai, Wei and He, Cynthia Y and Chiu, Wah and Pridmore, Tony and Ashton, Alun W and Duke, Elizabeth MH and others},
  journal={Journal of Structural Biology},
  volume={198},
  number={1},
  pages={43--53},
  year={2017},
  publisher={Elsevier}
}

@article{schifferer2021niwaki,
  title={Niwaki Instead of Random Forests: Targeted Serial Sectioning Scanning Electron Microscopy With Reimaging Capabilities for Exploring Central Nervous System Cell Biology and Pathology},
  author={Schifferer, Martina and Snaidero, Nicolas and Djannatian, Minou and Kerschensteiner, Martin and Misgeld, Thomas},
  journal={Frontiers in neuroanatomy},
  pages={79},
  year={2021},
  publisher={Frontiers}
}

@article{meinertzhagen1991synaptic,
  title={Synaptic organization of columnar elements in the lamina of the wild type in Drosophila melanogaster},
  author={Meinertzhagen, Ian A and O'neil, SD},
  journal={Journal of comparative neurology},
  volume={305},
  number={2},
  pages={232--263},
  year={1991},
  publisher={Wiley Online Library}
}

@article{harris1989dendritic,
  title={Dendritic spines of CA 1 pyramidal cells in the rat hippocampus: serial electron microscopy with reference to their biophysical characteristics},
  author={Harris, Kristen M and Stevens, John K},
  journal={Journal of Neuroscience},
  volume={9},
  number={8},
  pages={2982--2997},
  year={1989},
  publisher={Soc Neuroscience}
}

@article{ando20182018,
  title={The 2018 correlative microscopy techniques roadmap},
  author={Ando, Toshio and Bhamidimarri, Satya Prathyusha and Brending, Niklas and Colin-York, H and Collinson, Lucy and De Jonge, Niels and De Pablo, PJ and Debroye, Elke and Eggeling, Christian and Franck, Christian and others},
  journal={Journal of physics D: Applied physics},
  volume={51},
  number={44},
  pages={443001},
  year={2018},
  publisher={IOP Publishing}
}

@book{finger2001origins,
  title={Origins of neuroscience: a history of explorations into brain function},
  author={Finger, Stanley},
  year={2001},
  publisher={Oxford University Press, USA}
}

@article{ryan2016cns,
  title={The CNS connectome of a tadpole larva of Ciona intestinalis (L.) highlights sidedness in the brain of a chordate sibling},
  author={Ryan, Kerrianne and Lu, Zhiyuan and Meinertzhagen, Ian A},
  journal={Elife},
  volume={5},
  pages={e16962},
  year={2016},
  publisher={eLife Sciences Publications Limited}
}

@article{ohyama2015multilevel,
  title={A multilevel multimodal circuit enhances action selection in Drosophila},
  author={Ohyama, Tomoko and Schneider-Mizell, Casey M and Fetter, Richard D and Aleman, Javier Valdes and Franconville, Romain and Rivera-Alba, Marta and Mensh, Brett D and Branson, Kristin M and Simpson, Julie H and Truman, James W and others},
  journal={Nature},
  volume={520},
  number={7549},
  pages={633--639},
  year={2015},
  publisher={Nature Publishing Group}
}

@article{helmstaedter20083d,
  title={3D structural imaging of the brain with photons and electrons},
  author={Helmstaedter, Moritz and Briggman, Kevin L and Denk, Winfried},
  journal={Current opinion in neurobiology},
  volume={18},
  number={6},
  pages={633--641},
  year={2008},
  publisher={Elsevier}
}

@article{white1986structure,
  title={The structure of the nervous system of the nematode Caenorhabditis elegans},
  author={White, John G and Southgate, Eileen and Thomson, J Nichol and Brenner, Sydney and others},
  journal={Philos Trans R Soc Lond B Biol Sci},
  volume={314},
  number={1165},
  pages={1--340},
  year={1986},
  publisher={Citeseer}
}

@book{ramon1899textura,
  title={Textura del sistema nervioso del hombre y de los vertebrados: estudios sobre el plan estructural y composici{\'o}n histol{\'o}gica de los centros nerviosos adicionados de consideraciones fisiol{\'o}gicas fundadas en los nuevos descubrimientos},
  author={Ram{\'o}n, Santiago and others},
  volume={1},
  year={1899},
  publisher={Moya}
}

@article{kasthuri2015saturated,
  title={Saturated reconstruction of a volume of neocortex},
  author={Kasthuri, Narayanan and Hayworth, Kenneth Jeffrey and Berger, Daniel Raimund and Schalek, Richard Lee and Conchello, Jos{\'e} Angel and Knowles-Barley, Seymour and Lee, Dongil and V{\'a}zquez-Reina, Amelio and Kaynig, Verena and Jones, Thouis Raymond and others},
  journal={Cell},
  volume={162},
  number={3},
  pages={648--661},
  year={2015},
  publisher={Elsevier}
}

@article{lichtman2008ome,
  title={Ome sweet ome: what can the genome tell us about the connectome?},
  author={Lichtman, Jeff W and Sanes, Joshua R},
  journal={Current opinion in neurobiology},
  volume={18},
  number={3},
  pages={346--353},
  year={2008},
  publisher={Elsevier}
}
