@article{pertuz2013analysis,
  title={Analysis of focus measure operators for shape-from-focus},
  author={Pertuz, Said and Puig, Domenec and Garcia, Miguel Angel},
  journal={Pattern Recognition},
  volume={46},
  number={5},
  pages={1415--1432},
  year={2013},
  publisher={Elsevier}
}

@inproceedings{shirvaikar2004optimal,
  title={An optimal measure for camera focus and exposure},
  author={Shirvaikar, Mukul V},
  booktitle={Thirty-Sixth Southeastern Symposium on System Theory, 2004. Proceedings of the},
  pages={472--475},
  year={2004},
  organization={IEEE}
}

@article{santos1997evaluation,
  title={Evaluation of autofocus functions in molecular cytogenetic analysis},
  author={Santos, Andr{\'e}s and ORTIZ DE SOL{\'O}RZANO, Carlos and Vaquero, Juan Jos{\'e} and Pena, Javier M{\'a}rquez and Malpica, Norberto and del Pozo, Francisco},
  journal={Journal of microscopy},
  volume={188},
  number={3},
  pages={264--272},
  year={1997},
  publisher={Wiley Online Library}
}

@inproceedings{helmli2001adaptive,
  title={Adaptive shape from focus with an error estimation in light microscopy},
  author={Helmli, Franz Stephan and Scherer, Stefan},
  booktitle={ISPA 2001. Proceedings of the 2nd International Symposium on Image and Signal Processing and Analysis. In conjunction with 23rd International Conference on Information Technology Interfaces (IEEE Cat.},
  pages={188--193},
  year={2001},
  organization={IEEE}
}

@article{geusebroek2000robust,
  title={Robust autofocusing in microscopy},
  author={Geusebroek, Jan-Mark and Cornelissen, Frans and Smeulders, Arnold WM and Geerts, Hugo},
  journal={Cytometry: The Journal of the International Society for Analytical Cytology},
  volume={39},
  number={1},
  pages={1--9},
  year={2000},
  publisher={Wiley Online Library}
}

@inproceedings{krotkov1986range,
  title={Range from focus},
  author={Krotkov, Eric and Martin, J-P},
  booktitle={Proceedings. 1986 IEEE International Conference on Robotics and Automation},
  volume={3},
  pages={1093--1098},
  year={1986},
  organization={IEEE}
}

@inproceedings{pech2000diatom,
  title={Diatom autofocusing in brightfield microscopy: a comparative study},
  author={Pech-Pacheco, Jos{\'e} Luis and Crist{\'o}bal, Gabriel and Chamorro-Martinez, Jes{\'u}s and Fern{\'a}ndez-Valdivia, Joaqu{\'\i}n},
  booktitle={Proceedings 15th International Conference on Pattern Recognition. ICPR-2000},
  volume={3},
  pages={314--317},
  year={2000},
  organization={IEEE}
}

@inproceedings{subbarao1992focusing,
  title={Focusing techniques},
  author={Subbarao, Murali and Choi, Tae-Sun and Nikzad, Arman},
  booktitle={Machine Vision Applications, Architectures, and Systems Integration},
  volume={1823},
  pages={163--174},
  year={1992},
  organization={International Society for Optics and Photonics}
}

@article{eskicioglu1995image,
  title={Image quality measures and their performance},
  author={Eskicioglu, Ahmet M and Fisher, Paul S},
  journal={IEEE Transactions on communications},
  volume={43},
  number={12},
  pages={2959--2965},
  year={1995},
  publisher={IEEE}
}

@inproceedings{nayar1990shape,
  title={Shape from focus: An effective approach for rough surfaces},
  author={Nayar, Shree K and Nakagawa, Yasuo},
  booktitle={Proceedings., IEEE International Conference on Robotics and Automation},
  pages={218--225},
  year={1990},
  organization={IEEE}
}

@article{thelen2008improvements,
  title={Improvements in shape-from-focus for holographic reconstructions with regard to focus operators, neighborhood-size, and height value interpolation},
  author={Thelen, Andrea and Frey, Susanne and Hirsch, Sven and Hering, Peter},
  journal={IEEE Transactions on Image Processing},
  volume={18},
  number={1},
  pages={151--157},
  year={2008},
  publisher={IEEE}
}

@inproceedings{minhas20093d,
  title={3D shape from focus and depth map computation using steerable filters},
  author={Minhas, Rashid and Mohammed, Abdul A and Wu, QM Jonathan and Sid-Ahmed, Maher A},
  booktitle={International conference image analysis and recognition},
  pages={573--583},
  year={2009},
  organization={Springer}
}

@software{pertuz2017focus,
    author = {Pertuz, Said},
    license = {Copyright (c) 2017, Said Pertuz},
    month = {8},
    title = {{Focus Measure}},
    version = {2.2.0.0},
    year = {2017},
    url = {https://www.mathworks.com/matlabcentral/fileexchange/27314-focus-measure},
}

@software{Lane_focus-metrics_2022,
    author = {Lane, Ryan},
    license = {MIT},
    month = {6},
    title = {{focus-metrics}},
    version = {0.1},
    year = {2022},
    url = {https://github.com/hoogenboom-group/focus-metrics}
}
