@article{delpiano2018automated,
  title={Automated detection of fluorescent cells in in-resin fluorescence sections for integrated light and electron microscopy},
  author={Delpiano, J and Pizarro, L and Peddie, CJ and Jones, ML and Griffin, LD and Collinson, LM},
  journal={Journal of microscopy},
  volume={271},
  number={1},
  pages={109--119},
  year={2018},
  publisher={Wiley Online Library}
}

@article{micheva2007array,
  title={Array tomography: a new tool for imaging the molecular architecture and ultrastructure of neural circuits},
  author={Micheva, Kristina D and Smith, Stephen J},
  journal={Neuron},
  volume={55},
  number={1},
  pages={25--36},
  year={2007},
  publisher={Elsevier}
}

@article{hildebrand2017whole,
  title={Whole-brain serial-section electron microscopy in larval zebrafish},
  author={Hildebrand, David Grant Colburn and Cicconet, Marcelo and Torres, Russel Miguel and Choi, Woohyuk and Quan, Tran Minh and Moon, Jungmin and Wetzel, Arthur Willis and Champion, Andrew Scott and Graham, Brett Jesse and Randlett, Owen and others},
  journal={Nature},
  volume={545},
  number={7654},
  pages={345--349},
  year={2017},
  publisher={Nature Publishing Group}
}

@article{kuipers2015scanning,
  title={Scanning EM of non-heavy metal stained biosamples: Large-field of view, high contrast and highly efficient immunolabeling},
  author={Kuipers, Jeroen and de Boer, Pascal and Giepmans, Ben NG},
  journal={Experimental Cell Research},
  volume={337},
  number={2},
  pages={202--207},
  year={2015},
  publisher={Elsevier}
}

@article{lane2021optimization,
  title={Optimization of negative stage bias potential for faster imaging in large-scale electron microscopy},
  author={Lane, Ryan and Vos, Yoram and Wolters, Anouk HG and van Kessel, Luc and Chen, S Elisa and Liv, Nalan and Klumperman, Judith and Giepmans, Ben NG and Hoogenboom, Jacob P},
  journal={Journal of structural biology: X},
  volume={5},
  pages={100046},
  year={2021},
  publisher={Elsevier}
}

@article{haring2017automated,
  title={Automated sub-5 nm image registration in integrated correlative fluorescence and electron microscopy using cathodoluminescence pointers},
  author={Haring, Martijn T and Liv, Nalan and Zonnevylle, A Christiaan and Narvaez, Angela C and Voortman, Lenard M and Kruit, Pieter and Hoogenboom, Jacob P},
  journal={Scientific reports},
  volume={7},
  number={1},
  pages={1--9},
  year={2017},
  publisher={Nature Publishing Group}
}

@article{khairy2018joint,
  title={Joint deformable registration of large EM image volumes: a matrix solver approach},
  author={Khairy, Khaled and Denisov, Gennady and Saalfeld, Stephan},
  journal={arXiv preprint arXiv:1804.10019},
  year={2018}
}

@inproceedings{lowe1999object,
  title={Object recognition from local scale-invariant features},
  author={Lowe, David G},
  booktitle={Proceedings of the seventh IEEE international conference on computer vision},
  volume={2},
  pages={1150--1157},
  year={1999},
  organization={Ieee}
}

@article{tapia2012high,
  title={High-contrast en bloc staining of neuronal tissue for field emission scanning electron microscopy},
  author={Tapia, Juan Carlos and Kasthuri, Narayanan and Hayworth, Kenneth J and Schalek, Richard and Lichtman, Jeff W and Smith, Stephen J and Buchanan, JoAnn},
  journal={Nature protocols},
  volume={7},
  number={2},
  pages={193--206},
  year={2012},
  publisher={Nature Publishing Group}
}

@article{watson1958staining,
  title={Staining of tissue sections for electron microscopy with heavy metals},
  author={Watson, Michael L},
  journal={The Journal of Cell Biology},
  volume={4},
  number={4},
  pages={475--478},
  year={1958},
  publisher={Rockefeller University Press}
}

@article{srinivasa2021electron,
  title={Electron-Beam Induced Luminescence and Bleaching in Polymer Resins and Embedded Biomaterial},
  author={Srinivasa Raja, Aditi and de Boer, Pascal and Giepmans, Ben NG and Hoogenboom, Jacob P},
  journal={Macromolecular bioscience},
  pages={2100192},
  year={2021},
  publisher={Wiley Online Library}
}

@article{karreman2016intravital,
  title={Intravital correlative microscopy: imaging life at the nanoscale},
  author={Karreman, Matthia A and Hyenne, Vincent and Schwab, Yannick and Goetz, Jacky G},
  journal={Trends in cell biology},
  volume={26},
  number={11},
  pages={848--863},
  year={2016},
  publisher={Elsevier}
}

@article{collinson2017correlating,
  title={Correlating 3D light to 3D electron microscopy for systems biology},
  author={Collinson, Lucy M and Carroll, Elizabeth C and Hoogenboom, Jacob P},
  journal={Current Opinion in Biomedical Engineering},
  volume={3},
  pages={49--55},
  year={2017},
  publisher={Elsevier}
}

@article{bouwer2016deceleration,
  title={Deceleration of probe beam by stage bias potential improves resolution of serial block-face scanning electron microscopic images},
  author={Bouwer, James C and Deerinck, Thomas J and Bushong, Eric and Astakhov, Vadim and Ramachandra, Ranjan and Peltier, Steven T and Ellisman, Mark H},
  journal={Advanced structural and chemical imaging},
  volume={2},
  number={1},
  pages={1--13},
  year={2016},
  publisher={SpringerOpen}
}

@article{luckner2018label,
  title={Label-free 3D-CLEM using endogenous tissue landmarks},
  author={Luckner, Manja and Burgold, Steffen and Filser, Severin and Scheungrab, Maximilian and Niyaz, Yilmaz and Hummel, Eric and Wanner, Gerhard and Herms, Jochen},
  journal={Iscience},
  volume={6},
  pages={92--101},
  year={2018},
  publisher={Elsevier}
}

@article{de2015correlated,
  title={Correlated light and electron microscopy: ultrastructure lights up!},
  author={De Boer, Pascal and Hoogenboom, Jacob P and Giepmans, Ben NG},
  journal={Nature methods},
  volume={12},
  number={6},
  pages={503--513},
  year={2015},
  publisher={Nature Publishing Group}
}

@article{liv2013simultaneous,
  title={Simultaneous correlative scanning electron and high-NA fluorescence microscopy},
  author={Liv, Nalan and Zonnevylle, A Christiaan and Narvaez, Angela C and Effting, Andries PJ and Voorneveld, Philip W and Lucas, Miriam S and Hardwick, James C and Wepf, Roger A and Kruit, Pieter and Hoogenboom, Jacob P},
  journal={PloS one},
  volume={8},
  number={2},
  pages={e55707},
  year={2013},
  publisher={Public Library of Science San Francisco, USA}
}

@article{de2020large,
  title={Large-scale electron microscopy database for human type 1 diabetes},
  author={de Boer, Pascal and Pirozzi, Nicole M and Wolters, Anouk HG and Kuipers, Jeroen and Kusmartseva, Irina and Atkinson, Mark A and Campbell-Thompson, Martha and Giepmans, Ben NG},
  journal={Nature communications},
  volume={11},
  number={1},
  pages={1--9},
  year={2020},
  publisher={Nature Publishing Group}
}

@article{muralidharan2021pancreatic,
  title={Pancreatic beta cell autophagy is impaired in type 1 diabetes},
  author={Muralidharan, Charanya and Conteh, Abass M and Marasco, Michelle R and Crowder, Justin J and Kuipers, Jeroen and de Boer, Pascal and Linnemann, Amelia K},
  journal={Diabetologia},
  volume={64},
  number={4},
  pages={865--877},
  year={2021},
  publisher={Springer}
}

@article{tersey2012islet,
  title={Islet $\beta$-cell endoplasmic reticulum stress precedes the onset of type 1 diabetes in the nonobese diabetic mouse model},
  author={Tersey, Sarah A and Nishiki, Yurika and Templin, Andrew T and Cabrera, Susanne M and Stull, Natalie D and Colvin, Stephanie C and Evans-Molina, Carmella and Rickus, Jenna L and Maier, Bernhard and Mirmira, Raghavendra G},
  journal={Diabetes},
  volume={61},
  number={4},
  pages={818--827},
  year={2012},
  publisher={Am Diabetes Assoc}
}

@article{peddie2014exploring,
  title={Exploring the third dimension: volume electron microscopy comes of age},
  author={Peddie, Christopher J and Collinson, Lucy M},
  journal={Micron},
  volume={61},
  pages={9--19},
  year={2014},
  publisher={Elsevier}
}

@article{kornfeld2018progress,
  title={Progress and remaining challenges in high-throughput volume electron microscopy},
  author={Kornfeld, J{\"o}rgen and Denk, Winfried},
  journal={Current opinion in neurobiology},
  volume={50},
  pages={261--267},
  year={2018},
  publisher={Elsevier}
}

@article{zonnevylle2013integration,
  title={Integration of a high-NA light microscope in a scanning electron microscope},
  author={Zonnevylle, AC and Van Tol, RFC and Liv, N and Narvaez, AC and Effting, APJ and Kruit, P and Hoogenboom, JP},
  journal={Journal of microscopy},
  volume={252},
  number={1},
  pages={58--70},
  year={2013},
  publisher={Wiley Online Library}
}

@article{vos2021retarding,
  title={Retarding field integrated fluorescence and electron microscope},
  author={Vos, Yoram and Lane, Ryan I and Peddie, Chris J and Wolters, Anouk HG and Hoogenboom, Jacob P},
  journal={Microscopy and Microanalysis},
  volume={27},
  number={1},
  pages={109--120},
  year={2021},
  publisher={Cambridge University Press}
}

@article{saalfeld2009catmaid,
  title={CATMAID: collaborative annotation toolkit for massive amounts of image data},
  author={Saalfeld, Stephan and Cardona, Albert and Hartenstein, Volker and Toman{\v{c}}{\'a}k, Pavel},
  journal={Bioinformatics},
  volume={25},
  number={15},
  pages={1984--1986},
  year={2009},
  publisher={Oxford University Press}
}

@article{gabarre2021workflow,
  title={A workflow for streamlined acquisition and correlation of serial regions of interest in array tomography},
  author={Gabarre, Sergio and Vernaillen, Frank and Baatsen, Pieter and Vints, Katlijn and Cawthorne, Christopher and Boeynaems, Steven and Michiels, Emiel and Vandael, Dorien and Gounko, Natalia V and Munck, Sebastian},
  journal={BMC biology},
  volume={19},
  number={1},
  pages={1--15},
  year={2021},
  publisher={Springer}
}

@article{ravelli2013destruction,
  title={Destruction of tissue, cells and organelles in type 1 diabetic rats presented at macromolecular resolution},
  author={Ravelli, Raimond BG and Kalicharan, Ruby D and Avramut, M Cristina and Sjollema, Klaas A and Pronk, Joachim W and Dijk, Freark and Koster, Abraham J and Visser, Jeroen TJ and Faas, Frank GA and Giepmans, Ben NG},
  journal={Scientific reports},
  volume={3},
  number={1},
  pages={1--6},
  year={2013},
  publisher={Nature Publishing Group}
}

@article{saalfeld2012elastic,
  title={Elastic volume reconstruction from series of ultra-thin microscopy sections},
  author={Saalfeld, Stephan and Fetter, Richard and Cardona, Albert and Tomancak, Pavel},
  journal={Nature methods},
  volume={9},
  number={7},
  pages={717--720},
  year={2012},
  publisher={Nature Publishing Group}
}

@article{heinrich2021whole,
  title={Whole-cell organelle segmentation in volume electron microscopy},
  author={Heinrich, Larissa and Bennett, Davis and Ackerman, David and Park, Woohyun and Bogovic, John and Eckstein, Nils and Petruncio, Alyson and Clements, Jody and Pang, Song and Xu, C Shan and others},
  journal={Nature},
  volume={599},
  number={7883},
  pages={141--146},
  year={2021},
  publisher={Nature Publishing Group}
}

@article{peddie2017correlative,
  title={Correlative super-resolution fluorescence and electron microscopy using conventional fluorescent proteins in vacuo},
  author={Peddie, Christopher J and Domart, Marie-Charlotte and Snetkov, Xenia and O'Toole, Peter and Larijani, Banafshe and Way, Michael and Cox, Susan and Collinson, Lucy M},
  journal={Journal of structural biology},
  volume={199},
  number={2},
  pages={120--131},
  year={2017},
  publisher={Elsevier}
}

@article{ounkomol2018label,
  title={Label-free prediction of three-dimensional fluorescence images from transmitted-light microscopy},
  author={Ounkomol, Chawin and Seshamani, Sharmishtaa and Maleckar, Mary M and Collman, Forrest and Johnson, Gregory R},
  journal={Nature methods},
  volume={15},
  number={11},
  pages={917--920},
  year={2018},
  publisher={Nature Publishing Group}
}

@article{peddie2014correlative,
  title={Correlative and integrated light and electron microscopy of in-resin GFP fluorescence, used to localise diacylglycerol in mammalian cells},
  author={Peddie, Christopher J and Blight, Ken and Wilson, Emma and Melia, Charlotte and Marrison, Jo and Carzaniga, Raffaella and Domart, Marie-Charlotte and Larijani, Banafshe and Collinson, Lucy M and others},
  journal={Ultramicroscopy},
  volume={143},
  pages={3--14},
  year={2014},
  publisher={Elsevier}
}

@article{kukulski2011correlated,
  title={Correlated fluorescence and 3D electron microscopy with high sensitivity and spatial precision},
  author={Kukulski, Wanda and Schorb, Martin and Welsch, Sonja and Picco, Andrea and Kaksonen, Marko and Briggs, John AG},
  journal={Journal of Cell Biology},
  volume={192},
  number={1},
  pages={111--119},
  year={2011},
  publisher={The Rockefeller University Press}
}

@article{watanabe2011protein,
  title={Protein localization in electron micrographs using fluorescence nanoscopy},
  author={Watanabe, Shigeki and Punge, Annedore and Hollopeter, Gunther and Willig, Katrin I and Hobson, Robert John and Davis, M Wayne and Hell, Stefan W and Jorgensen, Erik M},
  journal={Nature methods},
  volume={8},
  number={1},
  pages={80--84},
  year={2011},
  publisher={Nature Publishing Group}
}

@article{fu2020meosem,
  title={mEosEM withstands osmium staining and Epon embedding for super-resolution CLEM},
  author={Fu, Zhifei and Peng, Dingming and Zhang, Mingshu and Xue, Fudong and Zhang, Rui and He, Wenting and Xu, Tao and Xu, Pingyong},
  journal={Nature methods},
  volume={17},
  number={1},
  pages={55--58},
  year={2020},
  publisher={Nature Publishing Group}
}

@article{liou1996improving,
  title={Improving structural integrity of cryosections for immunogold labeling},
  author={Liou, Willisa and Geuze, Hans J and Slot, Jan W},
  journal={Histochemistry and cell biology},
  volume={106},
  number={1},
  pages={41--58},
  year={1996},
  publisher={Springer}
}

@article{van2008correlative,
  title={Correlative light-electron microscopy (CLEM) combining live-cell imaging and immunolabeling of ultrathin cryosections},
  author={Van Rijnsoever, Carolien and Oorschot, Viola and Klumperman, Judith},
  journal={Nature methods},
  volume={5},
  number={11},
  pages={973--980},
  year={2008},
  publisher={Nature Publishing Group}
}

@article{giepmans2006fluorescent,
  title={The fluorescent toolbox for assessing protein location and function},
  author={Giepmans, Ben NG and Adams, Stephen R and Ellisman, Mark H and Tsien, Roger Y},
  journal={science},
  volume={312},
  number={5771},
  pages={217--224},
  year={2006},
  publisher={American Association for the Advancement of Science}
}

@inproceedings{eckstein2020microtubule,
  title={Microtubule Tracking in Electron Microscopy Volumes},
  author={Eckstein, Nils and Buhmann, Julia and Cook, Matthew and Funke, Jan},
  booktitle={International Conference on Medical Image Computing and Computer-Assisted Intervention},
  pages={99--108},
  year={2020},
  organization={Springer}
}

@article{liu2020automatic,
  title={Automatic reconstruction of mitochondria and endoplasmic reticulum in electron microscopy volumes by deep learning},
  author={Liu, Jing and Li, Linlin and Yang, Yang and Hong, Bei and Chen, Xi and Xie, Qiwei and Han, Hua},
  journal={Frontiers in neuroscience},
  volume={14},
  pages={599},
  year={2020},
  publisher={Frontiers}
}

@article{buhmann2021automatic,
  title={Automatic detection of synaptic partners in a whole-brain Drosophila electron microscopy data set},
  author={Buhmann, Julia and Sheridan, Arlo and Malin-Mayor, Caroline and Schlegel, Philipp and Gerhard, Stephan and Kazimiers, Tom and Krause, Renate and Nguyen, Tri M and Heinrich, Larissa and Lee, Wei-Chung Allen and others},
  journal={Nature Methods},
  volume={18},
  number={7},
  pages={771--774},
  year={2021},
  publisher={Nature Publishing Group}
}

@article{hayworth2014imaging,
  title={Imaging ATUM ultrathin section libraries with WaferMapper: a multi-scale approach to EM reconstruction of neural circuits},
  author={Hayworth, Kenneth J and Morgan, Josh L and Schalek, Richard and Berger, Daniel R and Hildebrand, David GC and Lichtman, Jeff W},
  journal={Frontiers in neural circuits},
  volume={8},
  pages={68},
  year={2014},
  publisher={Frontiers}
}

@article{wanner2015challenges,
  title={Challenges of microtome-based serial block-face scanning electron microscopy in neuroscience},
  author={Wanner, AA and Kirschmann, MA and Genoud, C},
  journal={Journal of microscopy},
  volume={259},
  number={2},
  pages={137--142},
  year={2015},
  publisher={Wiley Online Library}
}

@article{templier2019magc,
  title={MagC, magnetic collection of ultrathin sections for volumetric correlative light and electron microscopy},
  author={Templier, Thomas},
  journal={Elife},
  volume={8},
  pages={e45696},
  year={2019},
  publisher={eLife Sciences Publications Limited}
}

@article{seifert2020deepclem,
  title={DeepCLEM: automated registration for correlative light and electron microscopy using deep learning},
  author={Seifert, Rick and Markert, Sebastian M and Britz, Sebastian and Perschin, Veronika and Erbacher, Christoph and Stigloher, Christian and Kollmannsberger, Philip},
  journal={F1000Research},
  volume={9},
  number={1275},
  pages={1275},
  year={2020},
  publisher={F1000 Research Limited}
}

@article{paul2017ec,
  title={eC-CLEM: flexible multidimensional registration software for correlative microscopies},
  author={Paul-Gilloteaux, Perrine and Heiligenstein, Xavier and Belle, Martin and Domart, Marie-Charlotte and Larijani, Banafshe and Collinson, Lucy and Raposo, Gra{\c{c}}a and Salamero, Jean},
  journal={Nature methods},
  volume={14},
  number={2},
  pages={102--103},
  year={2017},
  publisher={Nature Publishing Group}
}

@article{tuijtel2019correlative,
  title={Correlative cryo super-resolution light and electron microscopy on mammalian cells using fluorescent proteins},
  author={Tuijtel, Maarten W and Koster, Abraham J and Jakobs, Stefan and Faas, Frank GA and Sharp, Thomas H},
  journal={Scientific reports},
  volume={9},
  number={1},
  pages={1--11},
  year={2019},
  publisher={Nature Publishing Group}
}

@article{franke2019correlative,
  title={Correlative single-molecule localization microscopy and electron tomography reveals endosome nanoscale domains},
  author={Franke, Christian and Repnik, Urska and Segeletz, Sandra and Brouilly, Nicolas and Kalaidzidis, Yannis and Verbavatz, Jean-Marc and Zerial, Marino},
  journal={Traffic},
  volume={20},
  number={8},
  pages={601--617},
  year={2019},
  publisher={Wiley Online Library}
}

@article{fokkema2018fluorescently,
  title={Fluorescently labelled silica coated gold nanoparticles as fiducial markers for correlative light and electron microscopy},
  author={Fokkema, Jantina and Fermie, Job and Liv, Nalan and van den Heuvel, Dave J and Konings, Tom OM and Blab, Gerhard A and Meijerink, Andries and Klumperman, Judith and Gerritsen, Hans C},
  journal={Scientific reports},
  volume={8},
  number={1},
  pages={1--10},
  year={2018},
  publisher={Nature Publishing Group}
}

@article{lee2020selective,
  title={Selective autophagy degrades nuclear pore complexes},
  author={Lee, Chia-Wei and Wilfling, Florian and Ronchi, Paolo and Allegretti, Matteo and Mosalaganti, Shyamal and Jentsch, Stefan and Beck, Martin and Pfander, Boris},
  journal={Nature cell biology},
  volume={22},
  number={2},
  pages={159--166},
  year={2020},
  publisher={Nature Publishing Group}
}

@article{booth2019superclem,
  title={SuperCLEM: an accessible correlative light and electron microscopy approach for investigation of neurons and glia in vitro},
  author={Booth, Daniel G and Beckett, Alison J and Prior, Ian A and Meijer, Dies},
  journal={Biology open},
  volume={8},
  number={5},
  pages={bio042085},
  year={2019},
  publisher={The Company of Biologists Ltd}
}

@article{bishop2011near,
  title={Near-infrared branding efficiently correlates light and electron microscopy},
  author={Bishop, Derron and Niki{\'c}, Ivana and Brinkoetter, Mary and Knecht, Sharmon and Potz, Stephanie and Kerschensteiner, Martin and Misgeld, Thomas},
  journal={Nature methods},
  volume={8},
  number={7},
  pages={568--570},
  year={2011},
  publisher={Nature Publishing Group}
}

@incollection{spiegelhalter2014correlative,
  title={Correlative light and electron microscopy: from live cell dynamic to 3D ultrastructure},
  author={Spiegelhalter, Coralie and Laporte, Jocelyn F and Schwab, Yannick},
  booktitle={Electron Microscopy},
  pages={485--501},
  year={2014},
  publisher={Springer}
}

@article{karreman2014correlating,
  title={Correlating intravital multi-photon microscopy to 3D electron microscopy of invading tumor cells using anatomical reference points},
  author={Karreman, Matthia A and Mercier, Luc and Schieber, Nicole L and Shibue, Tsukasa and Schwab, Yannick and Goetz, Jacky G},
  journal={PloS one},
  volume={9},
  number={12},
  pages={e114448},
  year={2014},
  publisher={Public Library of Science San Francisco, USA}
}

@article{polishchuk2000correlative,
  title={Correlative light-electron microscopy reveals the tubular-saccular ultrastructure of carriers operating between Golgi apparatus and plasma membrane},
  author={Polishchuk, Roman S and Polishchuk, Elena V and Marra, Pierfrancesco and Alberti, Saverio and Buccione, Roberto and Luini, Alberto and Mironov, Alexander A},
  journal={The Journal of cell biology},
  volume={148},
  number={1},
  pages={45--58},
  year={2000},
  publisher={The Rockefeller University Press}
}

@article{burel2018targeted,
  title={A targeted 3D EM and correlative microscopy method using SEM array tomography},
  author={Burel, Agnes and Lavault, Marie-Th{\'e}r{\`e}se and Chevalier, Cl{\'e}ment and Gnaegi, Helmut and Prigent, Sylvain and Mucciolo, Antonio and Dutertre, St{\'e}phanie and Humbel, Bruno M and Guillaudeux, Thierry and Kolotuev, Irina},
  journal={Development},
  volume={145},
  number={12},
  pages={dev160879},
  year={2018},
  publisher={The Company of Biologists Ltd}
}

@article{paez2015fixation,
  title={Fixation-resistant photoactivatable fluorescent proteins for CLEM},
  author={Paez-Segala, Maria G and Sun, Mei G and Shtengel, Gleb and Viswanathan, Sarada and Baird, Michelle A and Macklin, John J and Patel, Ronak and Allen, John R and Howe, Elizabeth S and Piszczek, Grzegorz and others},
  journal={Nature methods},
  volume={12},
  number={3},
  pages={215--218},
  year={2015},
  publisher={Nature Publishing Group}
}

@article{schindelin2012fiji,
  title={Fiji: an open-source platform for biological-image analysis},
  author={Schindelin, Johannes and Arganda-Carreras, Ignacio and Frise, Erwin and Kaynig, Verena and Longair, Mark and Pietzsch, Tobias and Preibisch, Stephan and Rueden, Curtis and Saalfeld, Stephan and Schmid, Benjamin and others},
  journal={Nature methods},
  volume={9},
  number={7},
  pages={676--682},
  year={2012},
  publisher={Nature Publishing Group}
}

@article{ronchi2021high,
  title={High-precision targeting workflow for volume electron microscopy},
  author={Ronchi, Paolo and Mizzon, Giulia and Machado, Pedro and D’Imprima, Edoardo and Best, Benedikt T and Cassella, Lucia and Schnorrenberg, Sebastian and Montero, Marta G and Jechlinger, Martin and Ephrussi, Anne and others},
  journal={Journal of Cell Biology},
  volume={220},
  number={9},
  pages={e202104069},
  year={2021},
  publisher={Rockefeller University Press}
}
