@article{timmermans2015contributed,
  title={Contributed review: Review of integrated correlative light and electron microscopy},
  author={Timmermans, Frank Jan and Otto, Cornelis},
  journal={Review of scientific instruments},
  volume={86},
  number={1},
  pages={011501},
  year={2015},
  publisher={AIP Publishing LLC}
}

@article{briggman2012volume,
  title={Volume electron microscopy for neuronal circuit reconstruction},
  author={Briggman, Kevin L and Bock, Davi D},
  journal={Current opinion in neurobiology},
  volume={22},
  number={1},
  pages={154--161},
  year={2012},
  publisher={Elsevier}
}

@article{bock2011network,
  title={Network anatomy and in vivo physiology of visual cortical neurons},
  author={Bock, Davi D and Lee, Wei-Chung Allen and Kerlin, Aaron M and Andermann, Mark L and Hood, Greg and Wetzel, Arthur W and Yurgenson, Sergey and Soucy, Edward R and Kim, Hyon Suk and Reid, R Clay},
  journal={Nature},
  volume={471},
  number={7337},
  pages={177--182},
  year={2011},
  publisher={Nature Publishing Group}
}

@article{karreman2016fast,
  title={Fast and precise targeting of single tumor cells in vivo by multimodal correlative microscopy},
  author={Karreman, Matthia A and Mercier, Luc and Schieber, Nicole L and Solecki, Gergely and Allio, Guillaume and Winkler, Frank and Ruthensteiner, Bernhard and Goetz, Jacky G and Schwab, Yannick},
  journal={Journal of Cell Science},
  volume={129},
  number={2},
  pages={444--456},
  year={2016},
  publisher={The Company of Biologists Ltd}
}

@article{wacker2013array,
  title={Array tomography},
  author={Wacker, Irene and Schroeder, RR},
  journal={Journal of microscopy},
  volume={252},
  number={2},
  pages={93--99},
  year={2013},
  publisher={Wiley Online Library}
}

@inproceedings{sommer2011ilastik,
  title={Ilastik: Interactive learning and segmentation toolkit},
  author={Sommer, Christoph and Straehle, Christoph and Koethe, Ullrich and Hamprecht, Fred A},
  booktitle={2011 IEEE international symposium on biomedical imaging: From nano to macro},
  pages={230--233},
  year={2011},
  organization={IEEE}
}

@article{luengo2017survos,
  title={SuRVoS: super-region volume segmentation workbench},
  author={Luengo, Imanol and Darrow, Michele C and Spink, Matthew C and Sun, Ying and Dai, Wei and He, Cynthia Y and Chiu, Wah and Pridmore, Tony and Ashton, Alun W and Duke, Elizabeth MH and others},
  journal={Journal of Structural Biology},
  volume={198},
  number={1},
  pages={43--53},
  year={2017},
  publisher={Elsevier}
}

@article{schifferer2021niwaki,
  title={Niwaki Instead of Random Forests: Targeted Serial Sectioning Scanning Electron Microscopy With Reimaging Capabilities for Exploring Central Nervous System Cell Biology and Pathology},
  author={Schifferer, Martina and Snaidero, Nicolas and Djannatian, Minou and Kerschensteiner, Martin and Misgeld, Thomas},
  journal={Frontiers in neuroanatomy},
  pages={79},
  year={2021},
  publisher={Frontiers}
}

@article{meinertzhagen1991synaptic,
  title={Synaptic organization of columnar elements in the lamina of the wild type in Drosophila melanogaster},
  author={Meinertzhagen, Ian A and O'neil, SD},
  journal={Journal of comparative neurology},
  volume={305},
  number={2},
  pages={232--263},
  year={1991},
  publisher={Wiley Online Library}
}

@article{harris1989dendritic,
  title={Dendritic spines of CA 1 pyramidal cells in the rat hippocampus: serial electron microscopy with reference to their biophysical characteristics},
  author={Harris, Kristen M and Stevens, John K},
  journal={Journal of Neuroscience},
  volume={9},
  number={8},
  pages={2982--2997},
  year={1989},
  publisher={Soc Neuroscience}
}

@article{ando20182018,
  title={The 2018 correlative microscopy techniques roadmap},
  author={Ando, Toshio and Bhamidimarri, Satya Prathyusha and Brending, Niklas and Colin-York, H and Collinson, Lucy and De Jonge, Niels and De Pablo, PJ and Debroye, Elke and Eggeling, Christian and Franck, Christian and others},
  journal={Journal of physics D: Applied physics},
  volume={51},
  number={44},
  pages={443001},
  year={2018},
  publisher={IOP Publishing}
}

@book{finger2001origins,
  title={Origins of neuroscience: a history of explorations into brain function},
  author={Finger, Stanley},
  year={2001},
  publisher={Oxford University Press, USA}
}

@article{ryan2016cns,
  title={The CNS connectome of a tadpole larva of Ciona intestinalis (L.) highlights sidedness in the brain of a chordate sibling},
  author={Ryan, Kerrianne and Lu, Zhiyuan and Meinertzhagen, Ian A},
  journal={Elife},
  volume={5},
  pages={e16962},
  year={2016},
  publisher={eLife Sciences Publications Limited}
}

@article{ohyama2015multilevel,
  title={A multilevel multimodal circuit enhances action selection in Drosophila},
  author={Ohyama, Tomoko and Schneider-Mizell, Casey M and Fetter, Richard D and Aleman, Javier Valdes and Franconville, Romain and Rivera-Alba, Marta and Mensh, Brett D and Branson, Kristin M and Simpson, Julie H and Truman, James W and others},
  journal={Nature},
  volume={520},
  number={7549},
  pages={633--639},
  year={2015},
  publisher={Nature Publishing Group}
}

@article{helmstaedter20083d,
  title={3D structural imaging of the brain with photons and electrons},
  author={Helmstaedter, Moritz and Briggman, Kevin L and Denk, Winfried},
  journal={Current opinion in neurobiology},
  volume={18},
  number={6},
  pages={633--641},
  year={2008},
  publisher={Elsevier}
}

@article{white1986structure,
  title={The structure of the nervous system of the nematode Caenorhabditis elegans},
  author={White, John G and Southgate, Eileen and Thomson, J Nichol and Brenner, Sydney and others},
  journal={Philos Trans R Soc Lond B Biol Sci},
  volume={314},
  number={1165},
  pages={1--340},
  year={1986},
  publisher={Citeseer}
}

@book{ramon1899textura,
  title={Textura del sistema nervioso del hombre y de los vertebrados: estudios sobre el plan estructural y composici{\'o}n histol{\'o}gica de los centros nerviosos adicionados de consideraciones fisiol{\'o}gicas fundadas en los nuevos descubrimientos},
  author={Ram{\'o}n, Santiago and others},
  volume={1},
  year={1899},
  publisher={Moya}
}

@article{kasthuri2015saturated,
  title={Saturated reconstruction of a volume of neocortex},
  author={Kasthuri, Narayanan and Hayworth, Kenneth Jeffrey and Berger, Daniel Raimund and Schalek, Richard Lee and Conchello, Jos{\'e} Angel and Knowles-Barley, Seymour and Lee, Dongil and V{\'a}zquez-Reina, Amelio and Kaynig, Verena and Jones, Thouis Raymond and others},
  journal={Cell},
  volume={162},
  number={3},
  pages={648--661},
  year={2015},
  publisher={Elsevier}
}

@article{lichtman2008ome,
  title={Ome sweet ome: what can the genome tell us about the connectome?},
  author={Lichtman, Jeff W and Sanes, Joshua R},
  journal={Current opinion in neurobiology},
  volume={18},
  number={3},
  pages={346--353},
  year={2008},
  publisher={Elsevier}
}

@article{hayworth2015ultrastructurally,
  title={Ultrastructurally smooth thick partitioning and volume stitching for large-scale connectomics},
  author={Hayworth, Kenneth J and Xu, C Shan and Lu, Zhiyuan and Knott, Graham W and Fetter, Richard D and Tapia, Juan Carlos and Lichtman, Jeff W and Hess, Harald F},
  journal={Nature methods},
  volume={12},
  number={4},
  pages={319--322},
  year={2015},
  publisher={Nature Publishing Group}
}

@article{yin2019petascale,
  title={A Petascale Automated Imaging Pipeline for Mapping Neuronal Circuits with High-throughput Transmission Electron Microscopy},
  author={Yin, Wenjing and Brittain, Derrick and Borseth, Jay and Scott, Marie E and Williams, Derric and Perkins, Jed and Own, Chris and Murfitt, Matt and Torres, Russel M and Kapner, Daniel and others},
  journal={bioRxiv},
  pages={791889},
  year={2019},
  publisher={Cold Spring Harbor Laboratory}
}

@article{zheng2018complete,
  title={A complete electron microscopy volume of the brain of adult Drosophila melanogaster},
  author={Zheng, Zhihao and Lauritzen, J Scott and Perlman, Eric and Robinson, Camenzind G and Nichols, Matthew and Milkie, Daniel and Torrens, Omar and Price, John and Fisher, Corey B and Sharifi, Nadiya and others},
  journal={Cell},
  volume={174},
  number={3},
  pages={730--743},
  year={2018},
  publisher={Elsevier}
}

@article{eberle2015high,
  title={High-resolution, high-throughput imaging with a multibeam scanning electron microscope},
  author={Eberle, AL and Mikula, S and Schalek, R and Lichtman, J and Tate, ML Knothe and Zeidler, D},
  journal={Journal of microscopy},
  volume={259},
  number={2},
  pages={114--120},
  year={2015},
  publisher={Wiley Online Library}
}

@article{ren2016transmission,
  title={Transmission electron imaging in the Delft multibeam scanning electron microscope 1},
  author={Ren, Yan and Kruit, Pieter},
  journal={Journal of Vacuum Science \& Technology B, Nanotechnology and Microelectronics: Materials, Processing, Measurement, and Phenomena},
  volume={34},
  number={6},
  pages={06KF02},
  year={2016},
  publisher={American Vacuum Society}
}

@article{phifer2009improving,
  title={Improving SEM imaging performance using beam deceleration},
  author={Phifer, D and Tuma, L and Vystavel, T and Wandrol, P and Young, RJ},
  journal={Microscopy Today},
  volume={17},
  number={4},
  pages={40--49},
  year={2009},
  publisher={Cambridge University Press}
}

@article{ohta2012beam,
  title={Beam deceleration for block-face scanning electron microscopy of embedded biological tissue},
  author={Ohta, Keisuke and Sadayama, Shoji and Togo, Akinobu and Higashi, Ryuhei and Tanoue, Ryuichiro and Nakamura, Kei-ichiro},
  journal={Micron},
  volume={43},
  number={5},
  pages={612--620},
  year={2012},
  publisher={Elsevier}
}

@article{xu2017enhanced,
  title={Enhanced FIB-SEM systems for large-volume 3D imaging},
  author={Xu, C Shan and Hayworth, Kenneth J and Lu, Zhiyuan and Grob, Patricia and Hassan, Ahmed M and Garcia-Cerdan, Jose G and Niyogi, Krishna K and Nogales, Eva and Weinberg, Richard J and Hess, Harald F},
  journal={Elife},
  volume={6},
  pages={e25916},
  year={2017},
  publisher={eLife Sciences Publications Limited}
}

@article{vsakic2011boron,
  title={Boron-layer silicon photodiodes for high-efficiency low-energy electron detection},
  author={{\v{S}}aki{\'c}, Agata and Nanver, Lis K and Scholtes, Tom LM and Heerkens, Carel Th H and Kne{\v{z}}evi{\'c}, Tihomir and Van Veen, Gerard and Kooijman, Kees and Vogelsang, Patrick},
  journal={Solid-state electronics},
  volume={65},
  pages={38--44},
  year={2011},
  publisher={Elsevier}
}

@article{lencova2008new,
  title={A new program for the design of electron microscopes},
  author={Lencov{\'a}, Bohumila and Zl{\'a}mal, Jakub},
  journal={Physics Procedia},
  volume={1},
  number={1},
  pages={315--324},
  year={2008},
  publisher={Elsevier}
}

@incollection{reimer1998emission,
  title={Emission of backscattered and secondary electrons},
  author={Reimer, Ludwig},
  booktitle={Scanning Electron Microscopy},
  pages={135--169},
  year={1998},
  publisher={Springer}
}

@article{mullerova2009collection,
  title={Collection of secondary electrons in scanning electron microscopes},
  author={M{\"u}llerov{\'a}, I and Konvalina, I},
  journal={Journal of microscopy},
  volume={236},
  number={3},
  pages={203--210},
  year={2009},
  publisher={Wiley Online Library}
}

@article{joy2002smart,
  title={SMART--a program to measure SEM resolution and imaging performance},
  author={Joy, David C},
  journal={Journal of Microscopy},
  volume={208},
  number={1},
  pages={24--34},
  year={2002},
  publisher={Wiley Online Library}
}

@article{koning2019integrated,
  title={Integrated Light and Electron Microscopy},
  author={Koning, RI and Raja, A Srinivasa and Lane, RI and Koster, AJ and Hoogenboom, JP},
  journal={Correlative Imaging: Focusing on the Future},
  pages={119--135},
  year={2019},
  publisher={Wiley Online Library}
}

@article{paden1968retarding,
  title={Retarding field scanning electron microscopy},
  author={Paden, RS and Nixon, WC},
  journal={Journal of Physics E: Scientific Instruments},
  volume={1},
  number={11},
  pages={1073},
  year={1968},
  publisher={IOP Publishing}
}

@article{titze2013automated,
  title={Automated in-chamber specimen coating for serial block-face electron microscopy},
  author={Titze, Benjamin and Denk, Winfried},
  journal={Journal of microscopy},
  volume={250},
  number={2},
  pages={101--110},
  year={2013},
  publisher={Wiley Online Library}
}

@article{unser1987new,
  title={A new resolution criterion based on spectral signal-to-noise ratios},
  author={Unser, Michael and Trus, Benes L and Steven, Alasdair C},
  journal={Ultramicroscopy},
  volume={23},
  number={1},
  pages={39--51},
  year={1987},
  publisher={Elsevier}
}

@article{mullerova2003scanning,
  title={Scanning low-energy electron microscopy},
  author={Mullerova, Ilona and Frank, Ludek},
  journal={Advances in imaging and electron physics},
  volume={128},
  pages={310--445},
  year={2003},
  publisher={San Diego: Academic Press, c1995-}
}

@article{delpiano2018automated,
  title={Automated detection of fluorescent cells in in-resin fluorescence sections for integrated light and electron microscopy},
  author={Delpiano, J and Pizarro, L and Peddie, CJ and Jones, ML and Griffin, LD and Collinson, LM},
  journal={Journal of microscopy},
  volume={271},
  number={1},
  pages={109--119},
  year={2018},
  publisher={Wiley Online Library}
}

@article{micheva2007array,
  title={Array tomography: a new tool for imaging the molecular architecture and ultrastructure of neural circuits},
  author={Micheva, Kristina D and Smith, Stephen J},
  journal={Neuron},
  volume={55},
  number={1},
  pages={25--36},
  year={2007},
  publisher={Elsevier}
}

@article{hildebrand2017whole,
  title={Whole-brain serial-section electron microscopy in larval zebrafish},
  author={Hildebrand, David Grant Colburn and Cicconet, Marcelo and Torres, Russel Miguel and Choi, Woohyuk and Quan, Tran Minh and Moon, Jungmin and Wetzel, Arthur Willis and Champion, Andrew Scott and Graham, Brett Jesse and Randlett, Owen and others},
  journal={Nature},
  volume={545},
  number={7654},
  pages={345--349},
  year={2017},
  publisher={Nature Publishing Group}
}

@article{kuipers2015scanning,
  title={Scanning EM of non-heavy metal stained biosamples: Large-field of view, high contrast and highly efficient immunolabeling},
  author={Kuipers, Jeroen and de Boer, Pascal and Giepmans, Ben NG},
  journal={Experimental Cell Research},
  volume={337},
  number={2},
  pages={202--207},
  year={2015},
  publisher={Elsevier}
}

@article{lane2021optimization,
  title={Optimization of negative stage bias potential for faster imaging in large-scale electron microscopy},
  author={Lane, Ryan and Vos, Yoram and Wolters, Anouk HG and van Kessel, Luc and Chen, S Elisa and Liv, Nalan and Klumperman, Judith and Giepmans, Ben NG and Hoogenboom, Jacob P},
  journal={Journal of structural biology: X},
  volume={5},
  pages={100046},
  year={2021},
  publisher={Elsevier}
}

@article{haring2017automated,
  title={Automated sub-5 nm image registration in integrated correlative fluorescence and electron microscopy using cathodoluminescence pointers},
  author={Haring, Martijn T and Liv, Nalan and Zonnevylle, A Christiaan and Narvaez, Angela C and Voortman, Lenard M and Kruit, Pieter and Hoogenboom, Jacob P},
  journal={Scientific reports},
  volume={7},
  number={1},
  pages={1--9},
  year={2017},
  publisher={Nature Publishing Group}
}

@article{khairy2018joint,
  title={Joint deformable registration of large EM image volumes: a matrix solver approach},
  author={Khairy, Khaled and Denisov, Gennady and Saalfeld, Stephan},
  journal={arXiv preprint arXiv:1804.10019},
  year={2018}
}

@inproceedings{lowe1999object,
  title={Object recognition from local scale-invariant features},
  author={Lowe, David G},
  booktitle={Proceedings of the seventh IEEE international conference on computer vision},
  volume={2},
  pages={1150--1157},
  year={1999},
  organization={Ieee}
}

@article{tapia2012high,
  title={High-contrast en bloc staining of neuronal tissue for field emission scanning electron microscopy},
  author={Tapia, Juan Carlos and Kasthuri, Narayanan and Hayworth, Kenneth J and Schalek, Richard and Lichtman, Jeff W and Smith, Stephen J and Buchanan, JoAnn},
  journal={Nature protocols},
  volume={7},
  number={2},
  pages={193--206},
  year={2012},
  publisher={Nature Publishing Group}
}

@article{watson1958staining,
  title={Staining of tissue sections for electron microscopy with heavy metals},
  author={Watson, Michael L},
  journal={The Journal of Cell Biology},
  volume={4},
  number={4},
  pages={475--478},
  year={1958},
  publisher={Rockefeller University Press}
}

@article{srinivasa2021electron,
  title={Electron-Beam Induced Luminescence and Bleaching in Polymer Resins and Embedded Biomaterial},
  author={Srinivasa Raja, Aditi and de Boer, Pascal and Giepmans, Ben NG and Hoogenboom, Jacob P},
  journal={Macromolecular bioscience},
  pages={2100192},
  year={2021},
  publisher={Wiley Online Library}
}

@article{karreman2016intravital,
  title={Intravital correlative microscopy: imaging life at the nanoscale},
  author={Karreman, Matthia A and Hyenne, Vincent and Schwab, Yannick and Goetz, Jacky G},
  journal={Trends in cell biology},
  volume={26},
  number={11},
  pages={848--863},
  year={2016},
  publisher={Elsevier}
}

@article{collinson2017correlating,
  title={Correlating 3D light to 3D electron microscopy for systems biology},
  author={Collinson, Lucy M and Carroll, Elizabeth C and Hoogenboom, Jacob P},
  journal={Current Opinion in Biomedical Engineering},
  volume={3},
  pages={49--55},
  year={2017},
  publisher={Elsevier}
}

@article{bouwer2016deceleration,
  title={Deceleration of probe beam by stage bias potential improves resolution of serial block-face scanning electron microscopic images},
  author={Bouwer, James C and Deerinck, Thomas J and Bushong, Eric and Astakhov, Vadim and Ramachandra, Ranjan and Peltier, Steven T and Ellisman, Mark H},
  journal={Advanced structural and chemical imaging},
  volume={2},
  number={1},
  pages={1--13},
  year={2016},
  publisher={SpringerOpen}
}

@article{luckner2018label,
  title={Label-free 3D-CLEM using endogenous tissue landmarks},
  author={Luckner, Manja and Burgold, Steffen and Filser, Severin and Scheungrab, Maximilian and Niyaz, Yilmaz and Hummel, Eric and Wanner, Gerhard and Herms, Jochen},
  journal={Iscience},
  volume={6},
  pages={92--101},
  year={2018},
  publisher={Elsevier}
}

@article{de2015correlated,
  title={Correlated light and electron microscopy: ultrastructure lights up!},
  author={De Boer, Pascal and Hoogenboom, Jacob P and Giepmans, Ben NG},
  journal={Nature methods},
  volume={12},
  number={6},
  pages={503--513},
  year={2015},
  publisher={Nature Publishing Group}
}

@article{liv2013simultaneous,
  title={Simultaneous correlative scanning electron and high-NA fluorescence microscopy},
  author={Liv, Nalan and Zonnevylle, A Christiaan and Narvaez, Angela C and Effting, Andries PJ and Voorneveld, Philip W and Lucas, Miriam S and Hardwick, James C and Wepf, Roger A and Kruit, Pieter and Hoogenboom, Jacob P},
  journal={PloS one},
  volume={8},
  number={2},
  pages={e55707},
  year={2013},
  publisher={Public Library of Science San Francisco, USA}
}

@article{de2020large,
  title={Large-scale electron microscopy database for human type 1 diabetes},
  author={de Boer, Pascal and Pirozzi, Nicole M and Wolters, Anouk HG and Kuipers, Jeroen and Kusmartseva, Irina and Atkinson, Mark A and Campbell-Thompson, Martha and Giepmans, Ben NG},
  journal={Nature communications},
  volume={11},
  number={1},
  pages={1--9},
  year={2020},
  publisher={Nature Publishing Group}
}

@article{muralidharan2021pancreatic,
  title={Pancreatic beta cell autophagy is impaired in type 1 diabetes},
  author={Muralidharan, Charanya and Conteh, Abass M and Marasco, Michelle R and Crowder, Justin J and Kuipers, Jeroen and de Boer, Pascal and Linnemann, Amelia K},
  journal={Diabetologia},
  volume={64},
  number={4},
  pages={865--877},
  year={2021},
  publisher={Springer}
}

@article{tersey2012islet,
  title={Islet $\beta$-cell endoplasmic reticulum stress precedes the onset of type 1 diabetes in the nonobese diabetic mouse model},
  author={Tersey, Sarah A and Nishiki, Yurika and Templin, Andrew T and Cabrera, Susanne M and Stull, Natalie D and Colvin, Stephanie C and Evans-Molina, Carmella and Rickus, Jenna L and Maier, Bernhard and Mirmira, Raghavendra G},
  journal={Diabetes},
  volume={61},
  number={4},
  pages={818--827},
  year={2012},
  publisher={Am Diabetes Assoc}
}

@article{peddie2014exploring,
  title={Exploring the third dimension: volume electron microscopy comes of age},
  author={Peddie, Christopher J and Collinson, Lucy M},
  journal={Micron},
  volume={61},
  pages={9--19},
  year={2014},
  publisher={Elsevier}
}

@article{kornfeld2018progress,
  title={Progress and remaining challenges in high-throughput volume electron microscopy},
  author={Kornfeld, J{\"o}rgen and Denk, Winfried},
  journal={Current opinion in neurobiology},
  volume={50},
  pages={261--267},
  year={2018},
  publisher={Elsevier}
}

@article{zonnevylle2013integration,
  title={Integration of a high-NA light microscope in a scanning electron microscope},
  author={Zonnevylle, AC and Van Tol, RFC and Liv, N and Narvaez, AC and Effting, APJ and Kruit, P and Hoogenboom, JP},
  journal={Journal of microscopy},
  volume={252},
  number={1},
  pages={58--70},
  year={2013},
  publisher={Wiley Online Library}
}

@article{vos2021retarding,
  title={Retarding field integrated fluorescence and electron microscope},
  author={Vos, Yoram and Lane, Ryan I and Peddie, Chris J and Wolters, Anouk HG and Hoogenboom, Jacob P},
  journal={Microscopy and Microanalysis},
  volume={27},
  number={1},
  pages={109--120},
  year={2021},
  publisher={Cambridge University Press}
}

@article{saalfeld2009catmaid,
  title={CATMAID: collaborative annotation toolkit for massive amounts of image data},
  author={Saalfeld, Stephan and Cardona, Albert and Hartenstein, Volker and Toman{\v{c}}{\'a}k, Pavel},
  journal={Bioinformatics},
  volume={25},
  number={15},
  pages={1984--1986},
  year={2009},
  publisher={Oxford University Press}
}

@article{gabarre2021workflow,
  title={A workflow for streamlined acquisition and correlation of serial regions of interest in array tomography},
  author={Gabarre, Sergio and Vernaillen, Frank and Baatsen, Pieter and Vints, Katlijn and Cawthorne, Christopher and Boeynaems, Steven and Michiels, Emiel and Vandael, Dorien and Gounko, Natalia V and Munck, Sebastian},
  journal={BMC biology},
  volume={19},
  number={1},
  pages={1--15},
  year={2021},
  publisher={Springer}
}

@article{ravelli2013destruction,
  title={Destruction of tissue, cells and organelles in type 1 diabetic rats presented at macromolecular resolution},
  author={Ravelli, Raimond BG and Kalicharan, Ruby D and Avramut, M Cristina and Sjollema, Klaas A and Pronk, Joachim W and Dijk, Freark and Koster, Abraham J and Visser, Jeroen TJ and Faas, Frank GA and Giepmans, Ben NG},
  journal={Scientific reports},
  volume={3},
  number={1},
  pages={1--6},
  year={2013},
  publisher={Nature Publishing Group}
}

@article{saalfeld2012elastic,
  title={Elastic volume reconstruction from series of ultra-thin microscopy sections},
  author={Saalfeld, Stephan and Fetter, Richard and Cardona, Albert and Tomancak, Pavel},
  journal={Nature methods},
  volume={9},
  number={7},
  pages={717--720},
  year={2012},
  publisher={Nature Publishing Group}
}

@article{heinrich2021whole,
  title={Whole-cell organelle segmentation in volume electron microscopy},
  author={Heinrich, Larissa and Bennett, Davis and Ackerman, David and Park, Woohyun and Bogovic, John and Eckstein, Nils and Petruncio, Alyson and Clements, Jody and Pang, Song and Xu, C Shan and others},
  journal={Nature},
  volume={599},
  number={7883},
  pages={141--146},
  year={2021},
  publisher={Nature Publishing Group}
}

@article{peddie2017correlative,
  title={Correlative super-resolution fluorescence and electron microscopy using conventional fluorescent proteins in vacuo},
  author={Peddie, Christopher J and Domart, Marie-Charlotte and Snetkov, Xenia and O'Toole, Peter and Larijani, Banafshe and Way, Michael and Cox, Susan and Collinson, Lucy M},
  journal={Journal of structural biology},
  volume={199},
  number={2},
  pages={120--131},
  year={2017},
  publisher={Elsevier}
}

@article{ounkomol2018label,
  title={Label-free prediction of three-dimensional fluorescence images from transmitted-light microscopy},
  author={Ounkomol, Chawin and Seshamani, Sharmishtaa and Maleckar, Mary M and Collman, Forrest and Johnson, Gregory R},
  journal={Nature methods},
  volume={15},
  number={11},
  pages={917--920},
  year={2018},
  publisher={Nature Publishing Group}
}

@article{peddie2014correlative,
  title={Correlative and integrated light and electron microscopy of in-resin GFP fluorescence, used to localise diacylglycerol in mammalian cells},
  author={Peddie, Christopher J and Blight, Ken and Wilson, Emma and Melia, Charlotte and Marrison, Jo and Carzaniga, Raffaella and Domart, Marie-Charlotte and Larijani, Banafshe and Collinson, Lucy M and others},
  journal={Ultramicroscopy},
  volume={143},
  pages={3--14},
  year={2014},
  publisher={Elsevier}
}

@article{kukulski2011correlated,
  title={Correlated fluorescence and 3D electron microscopy with high sensitivity and spatial precision},
  author={Kukulski, Wanda and Schorb, Martin and Welsch, Sonja and Picco, Andrea and Kaksonen, Marko and Briggs, John AG},
  journal={Journal of Cell Biology},
  volume={192},
  number={1},
  pages={111--119},
  year={2011},
  publisher={The Rockefeller University Press}
}

@article{watanabe2011protein,
  title={Protein localization in electron micrographs using fluorescence nanoscopy},
  author={Watanabe, Shigeki and Punge, Annedore and Hollopeter, Gunther and Willig, Katrin I and Hobson, Robert John and Davis, M Wayne and Hell, Stefan W and Jorgensen, Erik M},
  journal={Nature methods},
  volume={8},
  number={1},
  pages={80--84},
  year={2011},
  publisher={Nature Publishing Group}
}

@article{fu2020meosem,
  title={mEosEM withstands osmium staining and Epon embedding for super-resolution CLEM},
  author={Fu, Zhifei and Peng, Dingming and Zhang, Mingshu and Xue, Fudong and Zhang, Rui and He, Wenting and Xu, Tao and Xu, Pingyong},
  journal={Nature methods},
  volume={17},
  number={1},
  pages={55--58},
  year={2020},
  publisher={Nature Publishing Group}
}

@article{liou1996improving,
  title={Improving structural integrity of cryosections for immunogold labeling},
  author={Liou, Willisa and Geuze, Hans J and Slot, Jan W},
  journal={Histochemistry and cell biology},
  volume={106},
  number={1},
  pages={41--58},
  year={1996},
  publisher={Springer}
}

@article{van2008correlative,
  title={Correlative light-electron microscopy (CLEM) combining live-cell imaging and immunolabeling of ultrathin cryosections},
  author={Van Rijnsoever, Carolien and Oorschot, Viola and Klumperman, Judith},
  journal={Nature methods},
  volume={5},
  number={11},
  pages={973--980},
  year={2008},
  publisher={Nature Publishing Group}
}

@article{giepmans2006fluorescent,
  title={The fluorescent toolbox for assessing protein location and function},
  author={Giepmans, Ben NG and Adams, Stephen R and Ellisman, Mark H and Tsien, Roger Y},
  journal={science},
  volume={312},
  number={5771},
  pages={217--224},
  year={2006},
  publisher={American Association for the Advancement of Science}
}

@inproceedings{eckstein2020microtubule,
  title={Microtubule Tracking in Electron Microscopy Volumes},
  author={Eckstein, Nils and Buhmann, Julia and Cook, Matthew and Funke, Jan},
  booktitle={International Conference on Medical Image Computing and Computer-Assisted Intervention},
  pages={99--108},
  year={2020},
  organization={Springer}
}

@article{liu2020automatic,
  title={Automatic reconstruction of mitochondria and endoplasmic reticulum in electron microscopy volumes by deep learning},
  author={Liu, Jing and Li, Linlin and Yang, Yang and Hong, Bei and Chen, Xi and Xie, Qiwei and Han, Hua},
  journal={Frontiers in neuroscience},
  volume={14},
  pages={599},
  year={2020},
  publisher={Frontiers}
}

@article{buhmann2021automatic,
  title={Automatic detection of synaptic partners in a whole-brain Drosophila electron microscopy data set},
  author={Buhmann, Julia and Sheridan, Arlo and Malin-Mayor, Caroline and Schlegel, Philipp and Gerhard, Stephan and Kazimiers, Tom and Krause, Renate and Nguyen, Tri M and Heinrich, Larissa and Lee, Wei-Chung Allen and others},
  journal={Nature Methods},
  volume={18},
  number={7},
  pages={771--774},
  year={2021},
  publisher={Nature Publishing Group}
}

@article{hayworth2014imaging,
  title={Imaging ATUM ultrathin section libraries with WaferMapper: a multi-scale approach to EM reconstruction of neural circuits},
  author={Hayworth, Kenneth J and Morgan, Josh L and Schalek, Richard and Berger, Daniel R and Hildebrand, David GC and Lichtman, Jeff W},
  journal={Frontiers in neural circuits},
  volume={8},
  pages={68},
  year={2014},
  publisher={Frontiers}
}

@article{wanner2015challenges,
  title={Challenges of microtome-based serial block-face scanning electron microscopy in neuroscience},
  author={Wanner, AA and Kirschmann, MA and Genoud, C},
  journal={Journal of microscopy},
  volume={259},
  number={2},
  pages={137--142},
  year={2015},
  publisher={Wiley Online Library}
}

@article{templier2019magc,
  title={MagC, magnetic collection of ultrathin sections for volumetric correlative light and electron microscopy},
  author={Templier, Thomas},
  journal={Elife},
  volume={8},
  pages={e45696},
  year={2019},
  publisher={eLife Sciences Publications Limited}
}

@article{seifert2020deepclem,
  title={DeepCLEM: automated registration for correlative light and electron microscopy using deep learning},
  author={Seifert, Rick and Markert, Sebastian M and Britz, Sebastian and Perschin, Veronika and Erbacher, Christoph and Stigloher, Christian and Kollmannsberger, Philip},
  journal={F1000Research},
  volume={9},
  number={1275},
  pages={1275},
  year={2020},
  publisher={F1000 Research Limited}
}

@article{paul2017ec,
  title={eC-CLEM: flexible multidimensional registration software for correlative microscopies},
  author={Paul-Gilloteaux, Perrine and Heiligenstein, Xavier and Belle, Martin and Domart, Marie-Charlotte and Larijani, Banafshe and Collinson, Lucy and Raposo, Gra{\c{c}}a and Salamero, Jean},
  journal={Nature methods},
  volume={14},
  number={2},
  pages={102--103},
  year={2017},
  publisher={Nature Publishing Group}
}

@article{tuijtel2019correlative,
  title={Correlative cryo super-resolution light and electron microscopy on mammalian cells using fluorescent proteins},
  author={Tuijtel, Maarten W and Koster, Abraham J and Jakobs, Stefan and Faas, Frank GA and Sharp, Thomas H},
  journal={Scientific reports},
  volume={9},
  number={1},
  pages={1--11},
  year={2019},
  publisher={Nature Publishing Group}
}

@article{franke2019correlative,
  title={Correlative single-molecule localization microscopy and electron tomography reveals endosome nanoscale domains},
  author={Franke, Christian and Repnik, Urska and Segeletz, Sandra and Brouilly, Nicolas and Kalaidzidis, Yannis and Verbavatz, Jean-Marc and Zerial, Marino},
  journal={Traffic},
  volume={20},
  number={8},
  pages={601--617},
  year={2019},
  publisher={Wiley Online Library}
}

@article{fokkema2018fluorescently,
  title={Fluorescently labelled silica coated gold nanoparticles as fiducial markers for correlative light and electron microscopy},
  author={Fokkema, Jantina and Fermie, Job and Liv, Nalan and van den Heuvel, Dave J and Konings, Tom OM and Blab, Gerhard A and Meijerink, Andries and Klumperman, Judith and Gerritsen, Hans C},
  journal={Scientific reports},
  volume={8},
  number={1},
  pages={1--10},
  year={2018},
  publisher={Nature Publishing Group}
}

@article{lee2020selective,
  title={Selective autophagy degrades nuclear pore complexes},
  author={Lee, Chia-Wei and Wilfling, Florian and Ronchi, Paolo and Allegretti, Matteo and Mosalaganti, Shyamal and Jentsch, Stefan and Beck, Martin and Pfander, Boris},
  journal={Nature cell biology},
  volume={22},
  number={2},
  pages={159--166},
  year={2020},
  publisher={Nature Publishing Group}
}

@article{booth2019superclem,
  title={SuperCLEM: an accessible correlative light and electron microscopy approach for investigation of neurons and glia in vitro},
  author={Booth, Daniel G and Beckett, Alison J and Prior, Ian A and Meijer, Dies},
  journal={Biology open},
  volume={8},
  number={5},
  pages={bio042085},
  year={2019},
  publisher={The Company of Biologists Ltd}
}

@article{bishop2011near,
  title={Near-infrared branding efficiently correlates light and electron microscopy},
  author={Bishop, Derron and Niki{\'c}, Ivana and Brinkoetter, Mary and Knecht, Sharmon and Potz, Stephanie and Kerschensteiner, Martin and Misgeld, Thomas},
  journal={Nature methods},
  volume={8},
  number={7},
  pages={568--570},
  year={2011},
  publisher={Nature Publishing Group}
}

@incollection{spiegelhalter2014correlative,
  title={Correlative light and electron microscopy: from live cell dynamic to 3D ultrastructure},
  author={Spiegelhalter, Coralie and Laporte, Jocelyn F and Schwab, Yannick},
  booktitle={Electron Microscopy},
  pages={485--501},
  year={2014},
  publisher={Springer}
}

@article{karreman2014correlating,
  title={Correlating intravital multi-photon microscopy to 3D electron microscopy of invading tumor cells using anatomical reference points},
  author={Karreman, Matthia A and Mercier, Luc and Schieber, Nicole L and Shibue, Tsukasa and Schwab, Yannick and Goetz, Jacky G},
  journal={PloS one},
  volume={9},
  number={12},
  pages={e114448},
  year={2014},
  publisher={Public Library of Science San Francisco, USA}
}

@article{polishchuk2000correlative,
  title={Correlative light-electron microscopy reveals the tubular-saccular ultrastructure of carriers operating between Golgi apparatus and plasma membrane},
  author={Polishchuk, Roman S and Polishchuk, Elena V and Marra, Pierfrancesco and Alberti, Saverio and Buccione, Roberto and Luini, Alberto and Mironov, Alexander A},
  journal={The Journal of cell biology},
  volume={148},
  number={1},
  pages={45--58},
  year={2000},
  publisher={The Rockefeller University Press}
}

@article{burel2018targeted,
  title={A targeted 3D EM and correlative microscopy method using SEM array tomography},
  author={Burel, Agnes and Lavault, Marie-Th{\'e}r{\`e}se and Chevalier, Cl{\'e}ment and Gnaegi, Helmut and Prigent, Sylvain and Mucciolo, Antonio and Dutertre, St{\'e}phanie and Humbel, Bruno M and Guillaudeux, Thierry and Kolotuev, Irina},
  journal={Development},
  volume={145},
  number={12},
  pages={dev160879},
  year={2018},
  publisher={The Company of Biologists Ltd}
}

@article{paez2015fixation,
  title={Fixation-resistant photoactivatable fluorescent proteins for CLEM},
  author={Paez-Segala, Maria G and Sun, Mei G and Shtengel, Gleb and Viswanathan, Sarada and Baird, Michelle A and Macklin, John J and Patel, Ronak and Allen, John R and Howe, Elizabeth S and Piszczek, Grzegorz and others},
  journal={Nature methods},
  volume={12},
  number={3},
  pages={215--218},
  year={2015},
  publisher={Nature Publishing Group}
}

@article{schindelin2012fiji,
  title={Fiji: an open-source platform for biological-image analysis},
  author={Schindelin, Johannes and Arganda-Carreras, Ignacio and Frise, Erwin and Kaynig, Verena and Longair, Mark and Pietzsch, Tobias and Preibisch, Stephan and Rueden, Curtis and Saalfeld, Stephan and Schmid, Benjamin and others},
  journal={Nature methods},
  volume={9},
  number={7},
  pages={676--682},
  year={2012},
  publisher={Nature Publishing Group}
}

@article{ronchi2021high,
  title={High-precision targeting workflow for volume electron microscopy},
  author={Ronchi, Paolo and Mizzon, Giulia and Machado, Pedro and D’Imprima, Edoardo and Best, Benedikt T and Cassella, Lucia and Schnorrenberg, Sebastian and Montero, Marta G and Jechlinger, Martin and Ephrussi, Anne and others},
  journal={Journal of Cell Biology},
  volume={220},
  number={9},
  pages={e202104069},
  year={2021},
  publisher={Rockefeller University Press}
}

@software{Lane_iCAT-workflow_2022,
    author = {Lane, Ryan},
    license = {CC-BY-4.0},
    month = {4},
    title = {{iCAT-workflow}},
    version = {0.2},
    year = {2022}
}

@inproceedings{ronneberger2015u,
  title={U-net: Convolutional networks for biomedical image segmentation},
  author={Ronneberger, Olaf and Fischer, Philipp and Brox, Thomas},
  booktitle={International Conference on Medical image computing and computer-assisted intervention},
  pages={234--241},
  year={2015},
  organization={Springer}
}

@article{qu2020weakly,
  title={Weakly Supervised Deep Nuclei Segmentation Using Partial Points Annotation in Histopathology Images},
  author={Qu, Hui and Wu, Pengxiang and Huang, Qiaoying and Yi, Jingru and Yan, Zhennan and Li, Kang and Riedlinger, Gregory M and De, Subhajyoti and Zhang, Shaoting and Metaxas, Dimitris N},
  journal={IEEE Transactions on Medical Imaging},
  volume={39},
  number={11},
  pages={3655--3666},
  year={2020},
  publisher={IEEE}
}

@article{heinrich2020automatic,
  title={Automatic whole cell organelle segmentation in volumetric electron microscopy},
  author={Heinrich, Larissa and Bennett, Davis and Ackerman, David and Park, Woohyun and Bogovic, John and Eckstein, Nils and Petruncio, Alyson and Clements, Jody and Xu, C Shan and Funke, Jan and others},
  journal={bioRxiv},
  year={2020},
  publisher={Cold Spring Harbor Laboratory}
}

@article{arganda2015crowdsourcing,
  title={Crowdsourcing the creation of image segmentation algorithms for connectomics},
  author={Arganda-Carreras, Ignacio and Turaga, Srinivas C and Berger, Daniel R and Cire{\c{s}}an, Dan and Giusti, Alessandro and Gambardella, Luca M and Schmidhuber, J{\"u}rgen and Laptev, Dmitry and Dwivedi, Sarvesh and Buhmann, Joachim M and others},
  journal={Frontiers in neuroanatomy},
  volume={9},
  pages={142},
  year={2015},
  publisher={Frontiers}
}

@inproceedings{cciccek20163d,
  title={3D U-Net: learning dense volumetric segmentation from sparse annotation},
  author={{\c{C}}i{\c{c}}ek, {\"O}zg{\"u}n and Abdulkadir, Ahmed and Lienkamp, Soeren S and Brox, Thomas and Ronneberger, Olaf},
  booktitle={International conference on medical image computing and computer-assisted intervention},
  pages={424--432},
  year={2016},
  organization={Springer}
}

@article{dosovitskiy2014discriminative,
  title={Discriminative unsupervised feature learning with convolutional neural networks},
  author={Dosovitskiy, Alexey and Springenberg, Jost Tobias and Riedmiller, Martin and Brox, Thomas},
  journal={Advances in neural information processing systems},
  volume={27},
  pages={766--774},
  year={2014}
}

@inproceedings{simard2003best,
  title={Best practices for convolutional neural networks applied to visual document analysis.},
  author={Simard, Patrice Y and Steinkraus, David and Platt, John C and others},
  booktitle={Icdar},
  volume={3},
  number={2003},
  year={2003}
}

@inproceedings{he2016deep,
  title={Deep residual learning for image recognition},
  author={He, Kaiming and Zhang, Xiangyu and Ren, Shaoqing and Sun, Jian},
  booktitle={Proceedings of the IEEE conference on computer vision and pattern recognition},
  pages={770--778},
  year={2016}
}

@article{russell20173d,
  title={3D correlative light and electron microscopy of cultured cells using serial blockface scanning electron microscopy},
  author={Russell, Matthew RG and Lerner, Thomas R and Burden, Jemima J and Nkwe, David O and Pelchen-Matthews, Annegret and Domart, Marie-Charlotte and Durgan, Joanne and Weston, Anne and Jones, Martin L and Peddie, Christopher J and others},
  journal={Journal of Cell Science},
  volume={130},
  number={1},
  pages={278--291},
  year={2017},
  publisher={The Company of Biologists Ltd}
}

@article{ede2021deep,
  title={Deep learning in electron microscopy},
  author={Ede, Jeffrey M},
  journal={Machine Learning: Science and Technology},
  volume={2},
  number={1},
  pages={011004},
  year={2021},
  publisher={IOP Publishing}
}

@article{huang2014identifying,
  title={Identifying synapses using deep and wide multiscale recursive networks},
  author={Huang, Gary B and Plaza, Stephen},
  journal={arXiv preprint arXiv:1409.1789},
  year={2014}
}

@article{dorkenwald2017automated,
  title={Automated synaptic connectivity inference for volume electron microscopy},
  author={Dorkenwald, Sven and Schubert, Philipp J and Killinger, Marius F and Urban, Gregor and Mikula, Shawn and Svara, Fabian and Kornfeld, Joergen},
  journal={Nature methods},
  volume={14},
  number={4},
  pages={435--442},
  year={2017},
  publisher={Nature Publishing Group}
}

@inproceedings{heinrich2018synaptic,
  title={Synaptic cleft segmentation in non-isotropic volume electron microscopy of the complete drosophila brain},
  author={Heinrich, Larissa and Funke, Jan and Pape, Constantin and Nunez-Iglesias, Juan and Saalfeld, Stephan},
  booktitle={International Conference on Medical Image Computing and Computer-Assisted Intervention},
  pages={317--325},
  year={2018},
  organization={Springer}
}

@article{ciresan2012deep,
  title={Deep neural networks segment neuronal membranes in electron microscopy images},
  author={Ciresan, Dan and Giusti, Alessandro and Gambardella, Luca and Schmidhuber, J{\"u}rgen},
  journal={Advances in neural information processing systems},
  volume={25},
  pages={2843--2851},
  year={2012},
  publisher={Citeseer}
}

@article{januszewski2018high,
  title={High-precision automated reconstruction of neurons with flood-filling networks},
  author={Januszewski, Micha{\l} and Kornfeld, J{\"o}rgen and Li, Peter H and Pope, Art and Blakely, Tim and Lindsey, Larry and Maitin-Shepard, Jeremy and Tyka, Mike and Denk, Winfried and Jain, Viren},
  journal={Nature methods},
  volume={15},
  number={8},
  pages={605--610},
  year={2018},
  publisher={Nature Publishing Group}
}

@article{christiansen2018silico,
  title={In silico labeling: predicting fluorescent labels in unlabeled images},
  author={Christiansen, Eric M and Yang, Samuel J and Ando, D Michael and Javaherian, Ashkan and Skibinski, Gaia and Lipnick, Scott and Mount, Elliot and O’Neil, Alison and Shah, Kevan and Lee, Alicia K and others},
  journal={Cell},
  volume={173},
  number={3},
  pages={792--803},
  year={2018},
  publisher={Elsevier}
}

@article{spiers2021deep,
  title={Deep learning for automatic segmentation of the nuclear envelope in electron microscopy data, trained with volunteer segmentations},
  author={Spiers, Helen and Songhurst, Harry and Nightingale, Luke and de Folter, Joost and Zooniverse Volunteer Community and Hutchings, Roger and Peddie, Christopher J and Weston, Anne and Strange, Amy and Hindmarsh, Steve and others},
  journal={Traffic},
  year={2021},
  publisher={Wiley Online Library}
}

@article{lane2022label,
  title={Label-free fluorescence predictions from large-scale correlative light and electron microscopy data},
  author={Lane, Ryan and Balkenende, Luuk and van Staalduine, Simon and Wolters, Anouk HG and Giepmans, Ben NG and Voortman, Lennard and Hoogenboom, Jacob P},
  journal={In Preparation},
  volume={},
  number={},
  pages={},
  year={2022},
  publisher={}
}

@article{dittmayer2021preparation,
  title={Preparation of samples for large-scale automated electron microscopy of tissue and cell ultrastructure},
  author={Dittmayer, Carsten and Goebel, Hans-Hilmar and Heppner, Frank L and Stenzel, Werner and Bachmann, Sebastian},
  journal={Microscopy and Microanalysis},
  volume={27},
  number={4},
  pages={815--827},
  year={2021},
  publisher={Cambridge University Press}
}

@phdthesis{balkenende2020clemnet,
  author={Balkenende, Luuk WP},
  title={CLEMnet: Predicting fluorescence in electron microscopy images},
  school={Delft University of Technology},
  year={2020},
  type={{MEP} thesis}
}

@incollection{joy2008noise,
  title={Noise and its effects on the low-voltage SEM},
  author={Joy, David C},
  booktitle={Biological Low-Voltage Scanning Electron Microscopy},
  pages={129--144},
  year={2008},
  publisher={Springer}
}

@misc{tensorflow2015-whitepaper,
title={ {TensorFlow}: Large-Scale Machine Learning on Heterogeneous Systems},
url={https://www.tensorflow.org/},
note={Software available from tensorflow.org},
author={
    Mart\'{i}n~Abadi and
    Ashish~Agarwal and
    Paul~Barham and
    Eugene~Brevdo and
    Zhifeng~Chen and
    Craig~Citro and
    Greg~S.~Corrado and
    Andy~Davis and
    Jeffrey~Dean and
    Matthieu~Devin and
    Sanjay~Ghemawat and
    Ian~Goodfellow and
    Andrew~Harp and
    Geoffrey~Irving and
    Michael~Isard and
    Yangqing Jia and
    Rafal~Jozefowicz and
    Lukasz~Kaiser and
    Manjunath~Kudlur and
    Josh~Levenberg and
    Dandelion~Man\'{e} and
    Rajat~Monga and
    Sherry~Moore and
    Derek~Murray and
    Chris~Olah and
    Mike~Schuster and
    Jonathon~Shlens and
    Benoit~Steiner and
    Ilya~Sutskever and
    Kunal~Talwar and
    Paul~Tucker and
    Vincent~Vanhoucke and
    Vijay~Vasudevan and
    Fernanda~Vi\'{e}gas and
    Oriol~Vinyals and
    Pete~Warden and
    Martin~Wattenberg and
    Martin~Wicke and
    Yuan~Yu and
    Xiaoqiang~Zheng},
  year={2015},
}

@misc{chollet2015keras,
  title={Keras},
  author={Chollet, Fran\c{c}ois and others},
  year={2015},
  howpublished={\url{https://keras.io}},
}

@misc{Yakubovskiy:2019,
  Author = {Pavel Yakubovskiy},
  Title = {Segmentation Models},
  Year = {2019},
  Publisher = {GitHub},
  Journal = {GitHub repository},
  Howpublished = {\url{https://github.com/qubvel/segmentation_models}}
}

@book{muller2014correlative,
  title={Correlative light and electron microscopy II},
  author={Muller-Reichert, Thomas and Verkade, Paul},
  year={2014},
  publisher={Academic Press}
}

@article{helmstaedter2013cellular,
  title={Cellular-resolution connectomics: challenges of dense neural circuit reconstruction},
  author={Helmstaedter, Moritz},
  journal={Nature methods},
  volume={10},
  number={6},
  pages={501--507},
  year={2013},
  publisher={Nature Publishing Group}
}

@article{takemura2013visual,
  title={A visual motion detection circuit suggested by Drosophila connectomics},
  author={Takemura, Shin-ya and Bharioke, Arjun and Lu, Zhiyuan and Nern, Aljoscha and Vitaladevuni, Shiv and Rivlin, Patricia K and Katz, William T and Olbris, Donald J and Plaza, Stephen M and Winston, Philip and others},
  journal={Nature},
  volume={500},
  number={7461},
  pages={175--181},
  year={2013},
  publisher={Nature Publishing Group}
}

@article{muller20213d,
  title={3D FIB-SEM reconstruction of microtubule--organelle interaction in whole primary mouse $\beta$ cells},
  author={M{\"u}ller, Andreas and Schmidt, Deborah and Xu, C Shan and Pang, Song and D’Costa, Joyson Verner and Kretschmar, Susanne and M{\"u}nster, Carla and Kurth, Thomas and Jug, Florian and Weigert, Martin and others},
  journal={Journal of Cell Biology},
  volume={220},
  number={2},
  year={2021},
  publisher={The Rockefeller University Press}
}

@article{conrad2022instance,
  title={Instance segmentation of mitochondria in electron microscopy images with a generalist deep learning model.},
  author={Conrad, Ryan W and Narayan, Kedar},
  journal={bioRxiv},
  year={2022},
  publisher={Cold Spring Harbor Laboratory}
}

@article{kreshuk2014automated,
  title={Automated detection of synapses in serial section transmission electron microscopy image stacks},
  author={Kreshuk, Anna and Koethe, Ullrich and Pax, Elizabeth and Bock, Davi D and Hamprecht, Fred A},
  journal={PloS one},
  volume={9},
  number={2},
  pages={e87351},
  year={2014},
  publisher={Public Library of Science San Francisco, USA}
}

@inproceedings{roels2019domain,
  title={Domain adaptive segmentation in volume electron microscopy imaging},
  author={Roels, Joris and Hennies, Julian and Saeys, Yvan and Philips, Wilfried and Kreshuk, Anna},
  booktitle={2019 IEEE 16th International Symposium on Biomedical Imaging (ISBI 2019)},
  pages={1519--1522},
  year={2019},
  organization={IEEE}
}

@article{sokol2015large,
  title={Large-scale electron microscopy maps of patient skin and mucosa provide insight into pathogenesis of blistering diseases},
  author={Sokol, Ena and Kramer, Duco and Diercks, Gilles FH and Kuipers, Jeroen and Jonkman, Marcel F and Pas, Hendri H and Giepmans, Ben NG},
  journal={Journal of Investigative Dermatology},
  volume={135},
  number={7},
  pages={1763--1770},
  year={2015},
  publisher={Elsevier}
}

@software{Lane_CLEMnet_2020,
    author = {Lane, Ryan and Balkenende, Luuk and Voortman, Lennard},
    license = {CC-BY-4.0},
    month = {7},
    title = {{CLEMnet}},
    version = {0.1.dev},
    year = {2020}
}

@article{lane2022integrated,
  title={Integrated array tomography for 3D correlative light and electron microscopy},
  author={Lane, Ryan and Wolters, Anouk and Giepmans, Ben and Hoogenboom, Jacob},
  journal={Frontiers in neuroscience},
  volume={},
  pages={},
  year={2022},
  publisher={Frontiers}
}

@article{fermie2021high,
  title={High-throughput imaging of biological samples with Delmic's FAST-EM},
  author={Fermie, Job and Zuidema, Wilco and {\v{S}}ejnoha, Radim and Wolters, Anouk and Giepmans, Ben and Hoogenboom, Jacob and Kruit, Pieter},
  journal={Microscopy and Microanalysis},
  volume={27},
  number={S1},
  pages={558--560},
  year={2021},
  publisher={Cambridge University Press}
}

@article{mohammadi2011electron,
  title={Electron optics of multi-beam scanning electron microscope},
  author={Mohammadi-Gheidari, A and Kruit, P},
  journal={Nuclear Instruments and Methods in Physics Research Section A: Accelerators, Spectrometers, Detectors and Associated Equipment},
  volume={645},
  number={1},
  pages={60--67},
  year={2011},
  publisher={Elsevier}
}

@article{kruit2019dedicated,
  title={A Dedicated Multi-Beam SEM for Transmission Imaging of Thin Samples},
  author={Kruit, Pieter and Zuidema, Wilco},
  journal={Microscopy and Microanalysis},
  volume={25},
  number={S2},
  pages={1034--1035},
  year={2019},
  publisher={Cambridge University Press}
}

@phdthesis{zhang2008electron,
  author={Zhang, Y.},
  title={A 100-electron-beam source from a high brightness Schottky emitter for fast patterning applications},
  school={Delft University of Technology},
  year={2008}
}

@phdthesis{mohammadi2013beams,
  author={Mohammadi-Gheidari, A.},
  title={196 Beams in a Scanning Electron Microscope},
  school={Delft University of Technology},
  year={2013}
}

@phdthesis{ren2017imaging,
  author={Ren, Y.},
  title={Imaging systems in the Delft Multi-Beam Scanning Electron Microscope 1},
  school={Delft University of Technology},
  year={2017}
}

@phdthesis{abels2022,
  author={Abels, M.},
  title={On CLEMnet: Fluorescence prediction on electron microscopy data without complementary fluorescence data},
  school={Delft University of Technology},
  year={2022},
  type={{BEP} thesis}
}

@article{eberle2018multi,
  title={Multi-beam scanning electron microscopy for high-throughput imaging in connectomics research},
  author={Eberle, Anna Lena and Zeidler, Dirk},
  journal={Frontiers in Neuroanatomy},
  pages={112},
  year={2018},
  publisher={Frontiers}
}

@inproceedings{riedesel2019first,
  title={First demonstration of a 331-beam SEM},
  author={Riedesel, C and M{\"u}ller, I and Kaufmann, N and Adolf, A and K{\"a}mmer, N and Fritz, H and Eberle, AL and Zeidler, D},
  booktitle={Metrology, Inspection, and Process Control for Microlithography XXXIII},
  volume={10959},
  pages={669--673},
  year={2019},
  organization={SPIE}
}

@inproceedings{wei2020mitoem,
  title={MitoEM dataset: large-scale 3D mitochondria instance segmentation from EM images},
  author={Wei, Donglai and Lin, Zudi and Franco-Barranco, Daniel and Wendt, Nils and Liu, Xingyu and Yin, Wenjie and Huang, Xin and Gupta, Aarush and Jang, Won-Dong and Wang, Xueying and others},
  booktitle={International Conference on Medical Image Computing and Computer-Assisted Intervention},
  pages={66--76},
  year={2020},
  organization={Springer}
}

@article{pertuz2013analysis,
  title={Analysis of focus measure operators for shape-from-focus},
  author={Pertuz, Said and Puig, Domenec and Garcia, Miguel Angel},
  journal={Pattern Recognition},
  volume={46},
  number={5},
  pages={1415--1432},
  year={2013},
  publisher={Elsevier}
}

@inproceedings{shirvaikar2004optimal,
  title={An optimal measure for camera focus and exposure},
  author={Shirvaikar, Mukul V},
  booktitle={Thirty-Sixth Southeastern Symposium on System Theory, 2004. Proceedings of the},
  pages={472--475},
  year={2004},
  organization={IEEE}
}

@article{santos1997evaluation,
  title={Evaluation of autofocus functions in molecular cytogenetic analysis},
  author={Santos, Andr{\'e}s and ORTIZ DE SOL{\'O}RZANO, Carlos and Vaquero, Juan Jos{\'e} and Pena, Javier M{\'a}rquez and Malpica, Norberto and del Pozo, Francisco},
  journal={Journal of microscopy},
  volume={188},
  number={3},
  pages={264--272},
  year={1997},
  publisher={Wiley Online Library}
}

@inproceedings{helmli2001adaptive,
  title={Adaptive shape from focus with an error estimation in light microscopy},
  author={Helmli, Franz Stephan and Scherer, Stefan},
  booktitle={ISPA 2001. Proceedings of the 2nd International Symposium on Image and Signal Processing and Analysis. In conjunction with 23rd International Conference on Information Technology Interfaces (IEEE Cat.},
  pages={188--193},
  year={2001},
  organization={IEEE}
}

@article{geusebroek2000robust,
  title={Robust autofocusing in microscopy},
  author={Geusebroek, Jan-Mark and Cornelissen, Frans and Smeulders, Arnold WM and Geerts, Hugo},
  journal={Cytometry: The Journal of the International Society for Analytical Cytology},
  volume={39},
  number={1},
  pages={1--9},
  year={2000},
  publisher={Wiley Online Library}
}

@inproceedings{krotkov1986range,
  title={Range from focus},
  author={Krotkov, Eric and Martin, J-P},
  booktitle={Proceedings. 1986 IEEE International Conference on Robotics and Automation},
  volume={3},
  pages={1093--1098},
  year={1986},
  organization={IEEE}
}

@inproceedings{pech2000diatom,
  title={Diatom autofocusing in brightfield microscopy: a comparative study},
  author={Pech-Pacheco, Jos{\'e} Luis and Crist{\'o}bal, Gabriel and Chamorro-Martinez, Jes{\'u}s and Fern{\'a}ndez-Valdivia, Joaqu{\'\i}n},
  booktitle={Proceedings 15th International Conference on Pattern Recognition. ICPR-2000},
  volume={3},
  pages={314--317},
  year={2000},
  organization={IEEE}
}

@inproceedings{subbarao1992focusing,
  title={Focusing techniques},
  author={Subbarao, Murali and Choi, Tae-Sun and Nikzad, Arman},
  booktitle={Machine Vision Applications, Architectures, and Systems Integration},
  volume={1823},
  pages={163--174},
  year={1992},
  organization={International Society for Optics and Photonics}
}

@article{eskicioglu1995image,
  title={Image quality measures and their performance},
  author={Eskicioglu, Ahmet M and Fisher, Paul S},
  journal={IEEE Transactions on communications},
  volume={43},
  number={12},
  pages={2959--2965},
  year={1995},
  publisher={IEEE}
}

@inproceedings{nayar1990shape,
  title={Shape from focus: An effective approach for rough surfaces},
  author={Nayar, Shree K and Nakagawa, Yasuo},
  booktitle={Proceedings., IEEE International Conference on Robotics and Automation},
  pages={218--225},
  year={1990},
  organization={IEEE}
}

@article{thelen2008improvements,
  title={Improvements in shape-from-focus for holographic reconstructions with regard to focus operators, neighborhood-size, and height value interpolation},
  author={Thelen, Andrea and Frey, Susanne and Hirsch, Sven and Hering, Peter},
  journal={IEEE Transactions on Image Processing},
  volume={18},
  number={1},
  pages={151--157},
  year={2008},
  publisher={IEEE}
}

@inproceedings{minhas20093d,
  title={3D shape from focus and depth map computation using steerable filters},
  author={Minhas, Rashid and Mohammed, Abdul A and Wu, QM Jonathan and Sid-Ahmed, Maher A},
  booktitle={International conference image analysis and recognition},
  pages={573--583},
  year={2009},
  organization={Springer}
}

@software{pertuz2017focus,
    author = {Pertuz, Said},
    license = {Copyright (c) 2017, Said Pertuz},
    month = {8},
    title = {{Focus Measure}},
    version = {2.2.0.0},
    year = {2017},
    url = {https://www.mathworks.com/matlabcentral/fileexchange/27314-focus-measure},
}

@software{Lane_focus-metrics_2022,
    author = {Lane, Ryan},
    license = {MIT},
    month = {6},
    title = {{focus-metrics}},
    version = {0.1},
    year = {2022},
    url = {https://github.com/hoogenboom-group/focus-metrics}
}
